
  
  
  
  
 
  
  <record xsi:schemaLocation="http://www.loc.gov/MARC21/slim http://www.loc.gov/standards/marcxml/schema/MARC21slim.xsd">
      <leader>00000cam  2200517 i 4500</leader>
      <controlfield tag="FMT">BK</controlfield>
      <controlfield tag="LDR">00000cam  2200517 i 4500</controlfield>
      <controlfield tag="001">004155497</controlfield>
      <controlfield tag="003">OCoLC</controlfield>
      <controlfield tag="005">20150701170344.0</controlfield>
      <controlfield tag="008">150701s2014    cc af    b    100 0 chi d</controlfield>
      <datafield tag="020" ind1=" " ind2=" ">
         <subfield code="a">9787030417503</subfield>
      </datafield>
      <datafield tag="020" ind1=" " ind2=" ">
         <subfield code="a">703041750X</subfield>
      </datafield>
      <datafield tag="035" ind1=" " ind2=" ">
         <subfield code="a">(OCoLC)894024800</subfield>
      </datafield>
      <datafield tag="040" ind1=" " ind2=" ">
         <subfield code="a">CNPIT</subfield>
         <subfield code="b">eng</subfield>
         <subfield code="e">rda</subfield>
         <subfield code="c">CNPIT</subfield>
         <subfield code="d">CLU</subfield>
         <subfield code="d">ZYU</subfield>
         <subfield code="d">NNU</subfield>
      </datafield>
      <datafield tag="043" ind1=" " ind2=" ">
         <subfield code="a">a-cc-hh</subfield>
      </datafield>
      <datafield tag="050" ind1=" " ind2="4">
         <subfield code="a">DS797.48.D39</subfield>
         <subfield code="b">T6642 2014</subfield>
      </datafield>
      <datafield tag="066" ind1=" " ind2=" ">
         <subfield code="c">$1</subfield>
      </datafield>
      <datafield tag="245" ind1="0" ind2="0">
         <subfield code="6">880-01</subfield>
         <subfield code="a">Tonglü Shan gu tong kuang yi zhi kao gu fa xian yu yan jiu.</subfield>
         <subfield code="n">2 /</subfield>
         <subfield code="c">Daye Shi Tonglü Shan tong kuang yi zhi bao hu guan li wei yuan hui bian.</subfield>
      </datafield>
      <datafield tag="250" ind1=" " ind2=" ">
         <subfield code="6">880-02</subfield>
         <subfield code="a">Di 1 ban.</subfield>
      </datafield>
      <datafield tag="264" ind1=" " ind2="1">
         <subfield code="6">880-03</subfield>
         <subfield code="a">Beijing :</subfield>
         <subfield code="b">Ke xue chu ban she,</subfield>
         <subfield code="c">2014.</subfield>
      </datafield>
      <datafield tag="300" ind1=" " ind2=" ">
         <subfield code="a">363 pages (xxvi, 1207 pages, 12 unnumbered pages of plates) :</subfield>
         <subfield code="b">illustrations (some color) ;</subfield>
         <subfield code="c">26 cm.</subfield>
      </datafield>
      <datafield tag="336" ind1=" " ind2=" ">
         <subfield code="a">text</subfield>
         <subfield code="b">txt</subfield>
         <subfield code="2">rdacontent</subfield>
      </datafield>
      <datafield tag="337" ind1=" " ind2=" ">
         <subfield code="a">unmediated</subfield>
         <subfield code="b">n</subfield>
         <subfield code="2">rdamedia</subfield>
      </datafield>
      <datafield tag="338" ind1=" " ind2=" ">
         <subfield code="a">volume</subfield>
         <subfield code="b">nc</subfield>
         <subfield code="2">rdacarrier</subfield>
      </datafield>
      <datafield tag="490" ind1="0" ind2=" ">
         <subfield code="6">880-04</subfield>
         <subfield code="a">Zhongguo kuang ye kao gu</subfield>
      </datafield>
      <datafield tag="504" ind1=" " ind2=" ">
         <subfield code="a">Includes bibliographical references.</subfield>
      </datafield>
      <datafield tag="500" ind1=" " ind2=" ">
         <subfield code="6">880-05</subfield>
         <subfield code="a">Ben wen ji shi you wei ji nian Tonglü Shan tong kuang yi zhi kao gu fa xian 40 zhou nian, Zhongguo she hui ke xue yuan kao gu yan jiu suo, Hubei Sheng wen wu ju, Daye Shi ren min zheng fu yu 2013 nian 11 yue 8 ri zhi 10 ri zai zhu ming kuang ye wen hua ming cheng Daye gong tong ju ban "Zhongguo kuang ye kao gu yu Tonglü Shan tong kuang yi zhi xue shu yan tao hui" de lun wen bian ji er cheng.</subfield>
      </datafield>
      <datafield tag="520" ind1=" " ind2=" ">
         <subfield code="6">880-06</subfield>
         <subfield code="a">Zhongguo de kuang ye kao gu dan sheng 40 nian lai, duo xue ke de xue zhe, zhuan jia men dui Tonglü Shan go tong kuang yi zhi ji xiang guan nei rong he xue ke jin xing le shen ru de yan jiu, tan tao he jie du, bing she ji kao gu xue, li shi xue, di kuang xue, ye jin xue deng zhu duo she hui ke xue he zi ran ke xue xue ke. Ben wen ji ji zhong shou lu le zhu wei da jia, xue zhe de zui xin yan jiu cheng guo, shi dui Zhongguo kuang ye kao gu yan jiu de bi jiao quan mian de yi ci zhan shi, ye shi duo Zhongguo kuang ye kao gu ji xu shen ru yan jiu de yi ge tui dong.</subfield>
      </datafield>
      <datafield tag="505" ind1="0" ind2="0">
         <subfield code="6">880-07</subfield>
         <subfield code="t">Cong guo qu zou xiang wei lai /</subfield>
         <subfield code="r">Zhang Peizhong --</subfield>
         <subfield code="t">Kuang ye kao gu si shi nian hui huang /</subfield>
         <subfield code="r">Yin Weizhang --</subfield>
         <subfield code="t">Xin wei yu qi dai /</subfield>
         <subfield code="r">Li Boqian --</subfield>
         <subfield code="t">Zhen xing kuang yi kao gu jian she mei li Daye /</subfield>
         <subfield code="r">Meng Xianming --</subfield>
         <subfield code="t">Zai yi kuang ye yi zhi de yan jiu, bao hu yu zhan shi /</subfield>
         <subfield code="r">Chen Jianli, Li Yanxiang --</subfield>
         <subfield code="t">Tonglü Shan, Jiuhua Shan gu dai lian tong lu zha yan jiu /</subfield>
         <subfield code="r">Li Yanxiang --</subfield>
         <subfield code="t">Chang Jiang zhong xia you jin shu zi yuan yu Shang Zhou qing tong wen ming: shen yi wen ti zhi guan jian /</subfield>
         <subfield code="r">Jin Zhengyao --</subfield>
         <subfield code="t">Chang Jiang zhong xia you liu yu go tong kuang yi zhi de fen yu yu Zhongyuan Shang Zhou wang chao de guan xi /</subfield>
         <subfield code="r">Li Jianmin --</subfield>
         <subfield code="t">Hubei Daye Tonglü Shan go tong kuan ye lian chan wu shu chu di de chu bu yan jiu /</subfield>
         <subfield code="r">Qin Ying, Wei Guofeng, Luo Wugan, Gong Changgen, Huang Fengchun, Hu Yali --</subfield>
         <subfield code="t">Tonglü Shan kuang gong ye yi chan shen bao shi jie wen hua yi chan dui bi fen xi yan jiu /</subfield>
         <subfield code="r">Wang Jing --</subfield>
         <subfield code="t">Jin cai Chu yong: Zhongtiao Shan he Taer Shan dui Tonglü Shan li shi di wei de qi shi /</subfield>
         <subfield code="r">Tian Jianwen --</subfield>
         <subfield code="t">Guan yu zheng que chu li wen wu bao hu yu kuang shan sheng chan mao dun de si kao /</subfield>
         <subfield code="r">Hu Meizhou, Wu Hongtang, Zhou Baoquan --</subfield>
         <subfield code="t">Qing tong wen ming kan Daye /</subfield>
         <subfield code="r">Lu Benshan --</subfield>
         <subfield code="t">Tonglü Shan yu Panlongcheng ji Zhongguo zao qi qing tong wen ming /</subfield>
         <subfield code="r">Xu Shaohua --</subfield>
         <subfield code="t">Daye Tonglü Shan gu tong kuang yi zhi lie xi cheng yin yan jiu /</subfield>
         <subfield code="r">Liu Yourong, Chen Zhongxing, Hu Bin, Hu Xiuwen --</subfield>
         <subfield code="t">Ci fa tan ce ji shu zai Tonglü Shan gu ye lian yi zhi diao cha zhong de ying yong /</subfield>
         <subfield code="r">Wang Chuanlei, Chen Shuxiang, Yang Xianjie, Qi Mingsong</subfield>
      </datafield>
      <datafield tag="505" ind1="0" ind2="0">
         <subfield code="6">880-08</subfield>
         <subfield code="t">Xiao yi Tonglü Shan gu tong kuang de xian jing xing /</subfield>
         <subfield code="r">Li Shejiao, Tan Yuanming --</subfield>
         <subfield code="t">Daye Tonglü Shan: wo guo gu kuang ye yi zhi zhong de yi ke ming zhu /</subfield>
         <subfield code="r">Wang Shancai --</subfield>
         <subfield code="t">Chang Jiang zhong xia you de tong kuang dai yu Panlongcheng de zhu tong ye /</subfield>
         <subfield code="r">Chen Xianyi --</subfield>
         <subfield code="t">Daye Tonglü Shan gu tong kuang shi cai nian dai ji xiang guan wen ti yan jiu /</subfield>
         <subfield code="r">Chen Shuxiang --</subfield>
         <subfield code="t">DAye Tonglü Shan gu tong kuang yi zhi fa jue de qi shi /</subfield>
         <subfield code="r">FEng Shaolong --</subfield>
         <subfield code="t">Suizhou Yejiashan Xi zhou qing tong wen hua yu Tonglü Shan kuang ye yi zhi /</subfield>
         <subfield code="r">Huang Fengchun --</subfield>
         <subfield code="t">Daye san zuo gu cheng zhi wen hua shu xing yu tong kuang cai ye zhi guan xi /</subfield>
         <subfield code="r">Zhu Junying --</subfield>
         <subfield code="t">Huangshi Diqu xian Qin shi qi qing tong zhu zao ye /</subfield>
         <subfield code="r">Hu Changsheng, Gong Changgen --</subfield>
         <subfield code="t">Kuang ye wen hua qing tong qi yu gui ju /</subfield>
         <subfield code="r">Hu Changgeng, Dong Yawei --</subfield>
         <subfield code="t">E dong nan di qu gu dai kuang ye wen hua gai shu /</subfield>
         <subfield code="r">Qu Yi, Hu Xinsheng --</subfield>
         <subfield code="t">Tonglü Shan tong kuang yi zhi wen wu bao hu guo cheng hui gu /</subfield>
         <subfield code="r">Shi He --</subfield>
         <subfield code="t">Gu E guo kao (Shang zhi Xi zhou) /</subfield>
         <subfield code="r">Qu Yi --</subfield>
         <subfield code="t">Da li shi shi sheng tai jian she, da zao tong kuang yi zhi gong yuan /</subfield>
         <subfield code="r">Chen Jun --</subfield>
         <subfield code="t">Tonglü Shan go tong kuang yi zhi de fa xian, fa jue he bao hu /</subfield>
         <subfield code="r">Zhang Guoxiang.</subfield>
      </datafield>
      <datafield tag="651" ind1=" " ind2="0">
         <subfield code="a">Tonglü Shan Copper Mine (China)</subfield>
      </datafield>
      <datafield tag="650" ind1=" " ind2="0">
         <subfield code="6">880-09</subfield>
         <subfield code="a">Excavations (Archaeology)</subfield>
         <subfield code="z">China</subfield>
         <subfield code="z">Daye (Hubei Sheng)</subfield>
         <subfield code="v">Congresses.</subfield>
      </datafield>
      <datafield tag="650" ind1=" " ind2="0">
         <subfield code="6">880-10</subfield>
         <subfield code="a">Mines and mineral resources</subfield>
         <subfield code="z">China</subfield>
         <subfield code="z">Daye (Hubei Sheng)</subfield>
         <subfield code="v">Congresses.</subfield>
      </datafield>
      <datafield tag="650" ind1=" " ind2="0">
         <subfield code="6">880-11</subfield>
         <subfield code="a">Smelting</subfield>
         <subfield code="z">China</subfield>
         <subfield code="z">Daye (Hubei Sheng)</subfield>
         <subfield code="v">Congresses.</subfield>
      </datafield>
      <datafield tag="710" ind1="2" ind2=" ">
         <subfield code="6">880-12</subfield>
         <subfield code="a">Daye Shi Tonglü Shan tong kuang yi zhi bao hu guan li wei yuan hui,</subfield>
         <subfield code="e">editor.</subfield>
      </datafield>
      <datafield tag="880" ind1="0" ind2="0">
         <subfield code="6">245-01/</subfield>
         <subfield code="a">铜绿山古铜矿遗址考古发现与研究.</subfield>
         <subfield code="n">二 /</subfield>
         <subfield code="c">大冶市铜绿山铜矿遗址保护管理委员会编.</subfield>
      </datafield>
      <datafield tag="880" ind1=" " ind2=" ">
         <subfield code="6">250-02/</subfield>
         <subfield code="a">第1版.</subfield>
      </datafield>
      <datafield tag="880" ind1=" " ind2="1">
         <subfield code="6">264-03/</subfield>
         <subfield code="a">北京 :</subfield>
         <subfield code="b">科学出版社,</subfield>
         <subfield code="c">2014.</subfield>
      </datafield>
      <datafield tag="880" ind1="0" ind2=" ">
         <subfield code="6">490-04/</subfield>
         <subfield code="a">中国矿冶考古</subfield>
      </datafield>
      <datafield tag="880" ind1=" " ind2=" ">
         <subfield code="6">500-05/</subfield>
         <subfield code="a">文集是由为纪念铜绿山铜矿遗址考古发现40周年, 中国社会科学院考古研究所, 湖北省文物局, 大冶市人民政府于2013年11月8日至10日在著名矿冶文化名城大冶共同举办"中国矿业考古与铜绿山铜矿遗址学术研讨会"的论文编辑而成.</subfield>
      </datafield>
      <datafield tag="880" ind1=" " ind2=" ">
         <subfield code="6">520-06/</subfield>
         <subfield code="a">中国的矿冶考古诞生40年来, 多学科的学者、专家们对铜绿山古铜矿遗址及相关内容和学科进行了深入的研究、探讨和解读, 并涉及考古学、历史学、地矿学、冶金学等诸多社会科学和自然科学学科. 本文集集中收录了诸位大家、学者的最新研究成果, 是对中国矿冶考古研究的比较全面的一次展示, 也是对中国矿冶考古继续深入研究的一个推动.</subfield>
      </datafield>
      <datafield tag="880" ind1="0" ind2="0">
         <subfield code="6">505-07/</subfield>
         <subfield code="t">从过去走向未来 /</subfield>
         <subfield code="r">张培中 --</subfield>
         <subfield code="t">矿冶考古四十年辉煌 /</subfield>
         <subfield code="r">殷玮璋 --</subfield>
         <subfield code="t">欣慰与期待 /</subfield>
         <subfield code="r">李伯谦 --</subfield>
         <subfield code="t">振兴矿冶考古建设美丽大冶 /</subfield>
         <subfield code="r">孟宪明 --</subfield>
         <subfield code="t">再议矿冶遗址的研究、保护与展示 /</subfield>
         <subfield code="r">陈建立, 李延祥 --</subfield>
         <subfield code="t">铜绿山、九华山古代炼铜炉渣研究 /</subfield>
         <subfield code="r">李延祥 --</subfield>
         <subfield code="t">长江中下游金属资源与商周青铜文明: 申遗问题之管见 /</subfield>
         <subfield code="r">金正耀 --</subfield>
         <subfield code="t">长江中下游流域古铜矿遗址的分布及与中原商周王朝的关系 /</subfield>
         <subfield code="r">李健民 --</subfield>
         <subfield code="t">湖北大冶铜绿山古铜矿冶炼产物输出地初步研究 /</subfield>
         <subfield code="r">秦颖, 魏国峰, 罗武干, 龚长根, 黄凤春, 胡雅丽 --</subfield>
         <subfield code="t">铜绿山古铜矿工业遗产申报世界文化遗产对比分析研究 /</subfield>
         <subfield code="r">王晶 --</subfield>
         <subfield code="t">晋材楚用: 中条山和塔儿山对铜绿山历史地位的启示 /</subfield>
         <subfield code="r">田建文 --</subfield>
         <subfield code="t">关于正确处理文物保护与矿山生产矛盾的思考 /</subfield>
         <subfield code="r">胡美洲, 吴宏堂, 周保权 --</subfield>
         <subfield code="t">青铜文明看大冶 /</subfield>
         <subfield code="r">卢本珊 --</subfield>
         <subfield code="t">铜绿山与盘龙城及中国早期青铜文明 /</subfield>
         <subfield code="r">徐少华 --</subfield>
         <subfield code="t">大冶铜绿山古铜矿遗址裂隙成因研究 /</subfield>
         <subfield code="r">刘佑荣, 陈中行, 胡斌, 胡修文 --</subfield>
         <subfield code="t">磁法探测技术在铜绿山古冶炼遗址调查中的应用 /</subfield>
         <subfield code="r">王传雷, 陈树祥, 杨先杰, 祁明松</subfield>
      </datafield>
      <datafield tag="880" ind1="0" ind2="0">
         <subfield code="6">505-08/</subfield>
         <subfield code="t">小议铜绿山古铜矿的先进性 /</subfield>
         <subfield code="r">李社教, 谭元敏 --</subfield>
         <subfield code="t">大冶铜绿山: 我国古矿冶遗址中的一颗明珠 /</subfield>
         <subfield code="r">王善才 --</subfield>
         <subfield code="t">长江中下游的铜矿带与盘龙城的铸铜业 /</subfield>
         <subfield code="r">陈贤一 --</subfield>
         <subfield code="t">大冶铜绿山古铜矿始采年代及相关问题研究 /</subfield>
         <subfield code="r">陈树祥 --</subfield>
         <subfield code="t">大冶铜绿山古铜矿遗址发掘的启示 /</subfield>
         <subfield code="r">冯少龙 --</subfield>
         <subfield code="t">随州叶家山西周青铜文化与铜绿山矿冶遗址 /</subfield>
         <subfield code="r">黄凤春 --</subfield>
         <subfield code="t">大冶三座古城址文化属性与铜矿采冶之关系 /</subfield>
         <subfield code="r">朱俊英 --</subfield>
         <subfield code="t">黄石地区先秦时期青铜铸造业 /</subfield>
         <subfield code="r">胡长生, 龚长根 --</subfield>
         <subfield code="t">矿冶文化青铜器与规矩 /</subfield>
         <subfield code="r">胡长根, 董亚巍 --</subfield>
         <subfield code="t">鄂东南地区古代矿冶文化概述 /</subfield>
         <subfield code="r">曲毅, 胡新生 --</subfield>
         <subfield code="t">铜绿山古铜矿遗址文物保护过程回顾 /</subfield>
         <subfield code="r">石鹤 --</subfield>
         <subfield code="t">古鄂国考（商至西周）/</subfield>
         <subfield code="r">曲毅 --</subfield>
         <subfield code="t">大力实施生态建设，打造铜矿遗址公园 /</subfield>
         <subfield code="r">陈军 --</subfield>
         <subfield code="t">铜绿山古铜矿遗址的发现、发掘和保护 /</subfield>
         <subfield code="r">张国祥.</subfield>
      </datafield>
      <datafield tag="880" ind1=" " ind2="4">
         <subfield code="6">650-09/</subfield>
         <subfield code="a">Excavations (Archaeology)</subfield>
         <subfield code="z">China</subfield>
         <subfield code="z">大冶 (Hubei Sheng)</subfield>
         <subfield code="v">Congresses.</subfield>
      </datafield>
      <datafield tag="880" ind1=" " ind2="4">
         <subfield code="6">650-10/</subfield>
         <subfield code="a">Mines and mineral resources</subfield>
         <subfield code="z">China</subfield>
         <subfield code="z">大冶 (Hubei Sheng)</subfield>
         <subfield code="v">Congresses.</subfield>
      </datafield>
      <datafield tag="880" ind1=" " ind2="4">
         <subfield code="6">650-11/</subfield>
         <subfield code="a">Smelting</subfield>
         <subfield code="z">China</subfield>
         <subfield code="z">大冶 (Hubei Sheng)</subfield>
         <subfield code="v">Congresses.</subfield>
      </datafield>
      <datafield tag="880" ind1="2" ind2=" ">
         <subfield code="6">710-12/</subfield>
         <subfield code="a">大冶市铜绿山铜矿遗址保护管理委员会,</subfield>
         <subfield code="e">editor.</subfield>
      </datafield>
      <datafield tag="994" ind1=" " ind2=" ">
         <subfield code="a">Z0</subfield>
         <subfield code="b">ZYU</subfield>
      </datafield>
      <datafield tag="OWN" ind1=" " ind2=" ">
         <subfield code="a">GENERAL</subfield>
      </datafield>
      <datafield tag="AVA" ind1=" " ind2=" ">
         <subfield code="a">NYU50</subfield>
         <subfield code="b">NISAW</subfield>
         <subfield code="c">Large Collection</subfield>
         <subfield code="d">DS797.48.D39 T6642 2014</subfield>
         <subfield code="e">available</subfield>
         <subfield code="t">Available</subfield>
         <subfield code="f">1</subfield>
         <subfield code="g">0</subfield>
         <subfield code="h">N</subfield>
         <subfield code="i">0</subfield>
         <subfield code="j">LARGE</subfield>
         <subfield code="k">0</subfield>
      </datafield>
      <marc:datafield tag="852" ind1=" " ind2=" ">
         <marc:subfield code="b">Institute for the Study of the Ancient World, </marc:subfield>
         <marc:subfield code="c">Large Collection</marc:subfield>
         <marc:subfield code="e">15 East 84th St., </marc:subfield>
         <marc:subfield code="e">New York, NY  10028</marc:subfield>
      </marc:datafield>
   </record>