
  
  
  
  
 
  
  <record xsi:schemaLocation="http://www.loc.gov/MARC21/slim http://www.loc.gov/standards/marcxml/schema/MARC21slim.xsd">
      <leader>00000cam a2200301 a 4500</leader>
      <controlfield tag="FMT">BK</controlfield>
      <controlfield tag="LDR">00000cam a2200301 a 4500</controlfield>
      <controlfield tag="001">002052016</controlfield>
      <controlfield tag="003">NNU</controlfield>
      <controlfield tag="005">20130516121330.0</controlfield>
      <controlfield tag="008">930114s1992    sw abe   b    101 0 eng d</controlfield>
      <datafield tag="020" ind1=" " ind2=" ">
         <subfield code="a">9179160247</subfield>
      </datafield>
      <datafield tag="035" ind1=" " ind2=" ">
         <subfield code="a">(CStRLIN)NYUG93-B1517</subfield>
      </datafield>
      <datafield tag="035" ind1=" " ind2=" ">
         <subfield code="a">GLIS010050051</subfield>
      </datafield>
      <datafield tag="035" ind1=" " ind2=" ">
         <subfield code="a">(NYU)NYUb11005005</subfield>
      </datafield>
      <datafield tag="035" ind1="9" ind2=" ">
         <subfield code="a">NYUb11005005</subfield>
      </datafield>
      <datafield tag="040" ind1=" " ind2=" ">
         <subfield code="a">NNU</subfield>
         <subfield code="c">NNU</subfield>
         <subfield code="d">NNU</subfield>
      </datafield>
      <datafield tag="041" ind1="0" ind2=" ">
         <subfield code="a">eng</subfield>
         <subfield code="a">fre</subfield>
      </datafield>
      <datafield tag="043" ind1=" " ind2=" ">
         <subfield code="a">e-gr---</subfield>
      </datafield>
      <datafield tag="050" ind1=" " ind2="4">
         <subfield code="a">S429</subfield>
         <subfield code="b">.A37 1992</subfield>
      </datafield>
      <datafield tag="245" ind1="0" ind2="0">
         <subfield code="a">Agriculture in ancient Greece :</subfield>
         <subfield code="b">proceedings of the seventh international symposium at the Swedish Institute at Athens, 16-17 May 1990 /</subfield>
         <subfield code="c">edited by Berit Wells.</subfield>
      </datafield>
      <datafield tag="260" ind1=" " ind2=" ">
         <subfield code="a">Stockholm :</subfield>
         <subfield code="b">Svenska institutet i Athen ;</subfield>
         <subfield code="a">Göteborg :</subfield>
         <subfield code="b">Distributor, P. Åströms förlag,</subfield>
         <subfield code="c">1992.</subfield>
      </datafield>
      <datafield tag="300" ind1=" " ind2=" ">
         <subfield code="a">178 p. :</subfield>
         <subfield code="b">ill., maps, plans ;</subfield>
         <subfield code="c">30 cm.</subfield>
      </datafield>
      <datafield tag="490" ind1="1" ind2=" ">
         <subfield code="a">Skrifter utgivna av Svenska institutet i Athen. 4o =</subfield>
         <subfield code="a">Acta Instituti Atheniensis Regni Sueciae. Series in 4o,</subfield>
         <subfield code="x">0586-0539 ;</subfield>
         <subfield code="v">42</subfield>
      </datafield>
      <datafield tag="546" ind1=" " ind2=" ">
         <subfield code="a">Chiefly in English; one contribution in French.</subfield>
      </datafield>
      <datafield tag="504" ind1=" " ind2=" ">
         <subfield code="a">Includes bibliographical references and index.</subfield>
      </datafield>
      <datafield tag="505" ind1="0" ind2="0">
         <subfield code="t">Agriculture in ancient Greece : on the nature of the sources and the problems of their interpretation /</subfield>
         <subfield code="r">Jens Erik Skydsgaard --</subfield>
         <subfield code="t">Prehistoric and historic soils in Greece : assessing the natural resources for agriculture /</subfield>
         <subfield code="r">Eberhard Zangger --</subfield>
         <subfield code="t">"Is ist a fram?" : the definition of agricultural sites and settlements in ancient Greece /</subfield>
         <subfield code="r">Robin Osborne --</subfield>
         <subfield code="t">Agriculture and country life in Classical Attica /</subfield>
         <subfield code="r">Hans Lohmann --</subfield>
         <subfield code="t">Palaeoethnobotanical approach : the Mediterranean triad or is it a quartet? /</subfield>
         <subfield code="r">Anaya Sarpaki --</subfield>
         <subfield code="t">Oléiculture et viticulture dans la Grèce antique /</subfield>
         <subfield code="r">Marie-Claire Amouretti --</subfield>
         <subfield code="t">Ethnoarchaeological approach to ancient Greek agriculture /</subfield>
         <subfield code="r">Hamish Forbes --</subfield>
         <subfield code="t">Agriculture in the Bronze Age : towards a model of palatial economy /</subfield>
         <subfield code="r">Paul Halstead --</subfield>
         <subfield code="t">Sacred and profane ownership of land /</subfield>
         <subfield code="r">Signe Isager --</subfield>
         <subfield code="t">Terraces /</subfield>
         <subfield code="r">Oliver Rackham, Jennifer A. Moody --</subfield>
         <subfield code="t">Agricultural labor in ancient Greece /</subfield>
         <subfield code="r">Michael H. Jameson --</subfield>
         <subfield code="t">Yield of the land /</subfield>
         <subfield code="r">Peter Garnsey --</subfield>
         <subfield code="t">Control of the Attic landscape /</subfield>
         <subfield code="r">Lin Foxhall --</subfield>
         <subfield code="t">Practical aspects fo grape-growing and the ideology of Greek viticulture /</subfield>
         <subfield code="r">Victor D. Hanson.</subfield>
      </datafield>
      <datafield tag="650" ind1=" " ind2="0">
         <subfield code="a">Agriculture, Ancient</subfield>
         <subfield code="z">Greece</subfield>
         <subfield code="v">Congresses.</subfield>
      </datafield>
      <datafield tag="650" ind1=" " ind2="0">
         <subfield code="a">Agriculture</subfield>
         <subfield code="z">Greece</subfield>
         <subfield code="x">History</subfield>
         <subfield code="v">Congresses.</subfield>
      </datafield>
      <datafield tag="651" ind1=" " ind2="0">
         <subfield code="a">Greece</subfield>
         <subfield code="x">Antiquities</subfield>
         <subfield code="v">Congresses.</subfield>
      </datafield>
      <datafield tag="700" ind1="1" ind2=" ">
         <subfield code="a">Wells, Berit</subfield>
         <subfield code="e">ed.</subfield>
      </datafield>
      <datafield tag="710" ind1="2" ind2=" ">
         <subfield code="a">Svenska institutet i Athen.</subfield>
         <subfield code="b">International Symposium</subfield>
         <subfield code="n">(7th :</subfield>
         <subfield code="d">1990 :</subfield>
         <subfield code="c">Athens, Greece)</subfield>
      </datafield>
      <datafield tag="830" ind1=" " ind2="0">
         <subfield code="a">Skrifter utgivna av Svenska institutet i Athen.</subfield>
         <subfield code="p">4o ;</subfield>
         <subfield code="v">42.</subfield>
      </datafield>
      <datafield tag="OWN" ind1=" " ind2=" ">
         <subfield code="a">GENERAL</subfield>
      </datafield>
      <datafield tag="AVA" ind1=" " ind2=" ">
         <subfield code="a">NYU50</subfield>
         <subfield code="b">NIFA</subfield>
         <subfield code="c">Main Collection</subfield>
         <subfield code="d">S429 .A37 1992 Non-circulating</subfield>
         <subfield code="e">unavailable</subfield>
         <subfield code="t">Unavailable</subfield>
         <subfield code="f">1</subfield>
         <subfield code="g">1</subfield>
         <subfield code="h">N</subfield>
         <subfield code="i">3</subfield>
         <subfield code="j">MAIN</subfield>
         <subfield code="k">0</subfield>
      </datafield>
      <datafield tag="AVA" ind1=" " ind2=" ">
         <subfield code="a">NYU50</subfield>
         <subfield code="b">NISAW</subfield>
         <subfield code="c">Oversize Collection</subfield>
         <subfield code="d">S429 .A37 1992</subfield>
         <subfield code="e">available</subfield>
         <subfield code="t">Available</subfield>
         <subfield code="f">1</subfield>
         <subfield code="g">0</subfield>
         <subfield code="h">N</subfield>
         <subfield code="i">0</subfield>
         <subfield code="j">OVERZ</subfield>
         <subfield code="k">0</subfield>
      </datafield>
      <marc:datafield tag="852" ind1=" " ind2=" ">
         <marc:subfield code="b">Institute for the Study of the Ancient World, </marc:subfield>
         <marc:subfield code="c">Oversize Collection</marc:subfield>
         <marc:subfield code="e">15 East 84th St., </marc:subfield>
         <marc:subfield code="e">New York, NY  10028</marc:subfield>
      </marc:datafield>
   </record>