
  
  
  
  
  
  
  
 
  
  <record xsi:schemaLocation="http://www.loc.gov/MARC21/slim http://www.loc.gov/standards/marcxml/schema/MARC21slim.xsd">
      <leader>00000cam  2200697 a 4500</leader>
      <controlfield tag="FMT">BK</controlfield>
      <controlfield tag="LDR">00000cam  2200697 a 4500</controlfield>
      <controlfield tag="001">004155619</controlfield>
      <controlfield tag="003">OCoLC</controlfield>
      <controlfield tag="005">20150702110548.0</controlfield>
      <controlfield tag="008">150702s2011    cc a     b    000 0 chi d</controlfield>
      <datafield tag="010" ind1=" " ind2=" ">
         <subfield code="a">2011512309</subfield>
      </datafield>
      <datafield tag="020" ind1=" " ind2=" ">
         <subfield code="a">9787030316530</subfield>
      </datafield>
      <datafield tag="020" ind1=" " ind2=" ">
         <subfield code="a">7030316533</subfield>
      </datafield>
      <datafield tag="035" ind1=" " ind2=" ">
         <subfield code="a">(OCoLC)742930082</subfield>
      </datafield>
      <datafield tag="040" ind1=" " ind2=" ">
         <subfield code="a">BCBTC</subfield>
         <subfield code="b">eng</subfield>
         <subfield code="c">BCBTC</subfield>
         <subfield code="d">DLC</subfield>
         <subfield code="d">CNPIT</subfield>
         <subfield code="d">HUA</subfield>
         <subfield code="d">SINLB</subfield>
         <subfield code="d">OCLCF</subfield>
         <subfield code="d">ZYU</subfield>
         <subfield code="d">NNU</subfield>
      </datafield>
      <datafield tag="041" ind1="0" ind2=" ">
         <subfield code="a">chi</subfield>
         <subfield code="f">eng</subfield>
      </datafield>
      <datafield tag="042" ind1=" " ind2=" ">
         <subfield code="a">lccopycat</subfield>
      </datafield>
      <datafield tag="043" ind1=" " ind2=" ">
         <subfield code="a">a-cc-ha</subfield>
      </datafield>
      <datafield tag="050" ind1="0" ind2="0">
         <subfield code="a">DS793.H3</subfield>
         <subfield code="b">H3446135 2011</subfield>
      </datafield>
      <datafield tag="066" ind1=" " ind2=" ">
         <subfield code="c">$1</subfield>
      </datafield>
      <datafield tag="082" ind1="0" ind2="4">
         <subfield code="a">951.29</subfield>
         <subfield code="2">23</subfield>
      </datafield>
      <datafield tag="245" ind1="0" ind2="0">
         <subfield code="6">880-01</subfield>
         <subfield code="a">Hainan Sheng bo wu guan yan jiu wen ji =</subfield>
         <subfield code="b">Hainan Museum collection of studies /</subfield>
         <subfield code="c">Hainan Sheng bo wu guan bian ; Qiu Gang zhu bian.</subfield>
      </datafield>
      <datafield tag="246" ind1="3" ind2="1">
         <subfield code="a">Hainan Museum collection of studies</subfield>
      </datafield>
      <datafield tag="250" ind1=" " ind2=" ">
         <subfield code="6">880-02</subfield>
         <subfield code="a">Di 1 ban.</subfield>
      </datafield>
      <datafield tag="260" ind1=" " ind2=" ">
         <subfield code="6">880-03</subfield>
         <subfield code="a">Beijing :</subfield>
         <subfield code="b">Ke xue chu ban she,</subfield>
         <subfield code="c">2011.</subfield>
      </datafield>
      <datafield tag="300" ind1=" " ind2=" ">
         <subfield code="a">x, 209 p. :</subfield>
         <subfield code="b">ill. (some col.) ;</subfield>
         <subfield code="c">27 cm.</subfield>
      </datafield>
      <datafield tag="546" ind1=" " ind2=" ">
         <subfield code="a">Preface and table of contents also in English.</subfield>
      </datafield>
      <datafield tag="504" ind1=" " ind2=" ">
         <subfield code="a">Includes bibliographical references.</subfield>
      </datafield>
      <datafield tag="520" ind1=" " ind2=" ">
         <subfield code="6">880-04</subfield>
         <subfield code="a">Ben shu shou lu le 28 pian lun wen, bao kuo bo wu guan pian, kao gu, li shi pian, min zu pian, shu hua pian, nei rong han gai le Hainan li shi, Hainan shao shu min zu, bo wu guan xue, Hainan kao gu, Han Hai shui xia kao gu yi ji xuan chuan jiao yu, wen wu an quan deng zhu duo xue ke.</subfield>
      </datafield>
      <datafield tag="505" ind1="0" ind2="0">
         <subfield code="6">880-05</subfield>
         <subfield code="g">Bo wu guan pian.</subfield>
         <subfield code="t">Hainan Sheng bo wu guan guang cang wen wu shu lüe /</subfield>
         <subfield code="r">Qing Gang --</subfield>
         <subfield code="t">Bo wu guang mian fei kai fang zhong de gong gong an quan tian zhan ji dui ce：yi Hainan Sheng bo wu guan wei li /</subfield>
         <subfield code="r">Qian Chengguo --</subfield>
         <subfield code="t">Guan yu bo wu guan zhi yuan zhe gong zuo shen xi /</subfield>
         <subfield code="r">Sun Xuedong --</subfield>
         <subfield code="t">Jie zhu mian fei kai fang de qie ji，ti sheng ji ceng bo wu guan lin zhan de zhi liang /</subfield>
         <subfield code="r">Zhang Jianping.</subfield>
         <subfield code="g">Kao gu li shi pian.</subfield>
         <subfield code="t">Hainan Dao Bei (sha)qiu yi zhi de fa xian yu yan jiu /</subfield>
         <subfield code="r">Qiu Gang --</subfield>
         <subfield code="t">Hainan kao gu liu shi nian /</subfield>
         <subfield code="r">Wang Daxin, Hao Side --</subfield>
         <subfield code="t">Ju jin 1 wan nian qian hou Ling'nan wen hua ge ju de kao gu xue guan cha /</subfield>
         <subfield code="r">He Guojun --</subfield>
         <subfield code="t">Lüe tan Xisha wen wu suo chuan dei de li shi xin xi /</subfield>
         <subfield code="r">Hao Side --</subfield>
         <subfield code="t">Hainan Yangpu Shentougang Qu de tian ye kao gu diao cha yu fa jue /</subfield>
         <subfield code="r">Yangpu kao gu gong zuo dui --</subfield>
         <subfield code="t">Hainan Yangpu yan tian yi zhi /</subfield>
         <subfield code="r">Wang Yulong, Jiang Bin --</subfield>
         <subfield code="t">Hainan qing tong wen hua ji qi xiang guan wen ti /</subfield>
         <subfield code="r">Tu Gaochao --</subfield>
         <subfield code="t">Hainan Sheng xin fa xian de jiu shi qi cai liao /</subfield>
         <subfield code="r">Wang Mingzhong, Li Chaorong, Li Hao deng --</subfield>
         <subfield code="t">Taiyi ren Li shi mu zhi ming jie du /</subfield>
         <subfield code="r">Zhang Peilan --</subfield>
         <subfield code="t">Min dai Hainan wen hua xing sheng yuan yin qian xi /</subfield>
         <subfield code="r">Ye Fan --</subfield>
         <subfield code="t">Lüe shu Antesheng yu Zhongguo jin dai kao gu xue qing jie /</subfield>
         <subfield code="r">Zhang Hua, Chen Jianhui --</subfield>
         <subfield code="t">Chen chuang yi zhi de kao gu mai cang xue chu tan：yi Xisha “Huaguangdiao I hao” wei li /</subfield>
         <subfield code="r">Li Zhao --</subfield>
         <subfield code="t">Hainan yu “Hai shang ci chou zhi lu” /</subfield>
         <subfield code="r">He Xiang.</subfield>
      </datafield>
      <datafield tag="505" ind1="0" ind2="0">
         <subfield code="6">880-06</subfield>
         <subfield code="g">Min zu pian.</subfield>
         <subfield code="t">“Dao yi hui fu” he gu dia Hainan Li zu de fang zhi wen hua /</subfield>
         <subfield code="r">Chen Jiang --</subfield>
         <subfield code="t">Hainan Dao Li zu sang su ji qi sheng si guan chu tan /</subfield>
         <subfield code="r">Wang Yulong --</subfield>
         <subfield code="t">Hainan Lizu chuan tong de nong geng fang shi：dao geng huo zhong /</subfield>
         <subfield code="r">Wang Cui'e, He Wuyun --</subfield>
         <subfield code="t">Li zu zhu wen hua tan xi /</subfield>
         <subfield code="r">Wang Huishan --</subfield>
         <subfield code="t">Dui you guan Qing dai Li zu tu xiang zi liao de ren shi /</subfield>
         <subfield code="r">Chen Pei --</subfield>
         <subfield code="t">Cong Li zu min jian diao ke kan Li zu chuan tong gong yi de mei xue te zheng /</subfield>
         <subfield code="r">Wang Jing --</subfield>
         <subfield code="t">Li zu Meifu fang yan Gelie ren shao guan zhi du diao cha /</subfield>
         <subfield code="r">Wang En --</subfield>
         <subfield code="t">Qian tan bo wu guan dui shou gong yi lei fei wu zhi wen hua yi chan de bao hu：yi Hainan chuan tong shou gong ji yi wei li /</subfield>
         <subfield code="r">Jia Bin, Zhu Lei.</subfield>
         <subfield code="g">Shu hua pian.</subfield>
         <subfield code="t">Ming Deng Tingxuan kuan"Qiong Li feng su tu" jian ding zou yi /</subfield>
         <subfield code="r">Li Yuanmao --</subfield>
         <subfield code="t">"Long zhou da shen bao xiang tu" kao /</subfield>
         <subfield code="r">Gao Wenjie --</subfield>
         <subfield code="t">Hao qing zhong cai hua xiao dao：du Xu Yansun "Er shi si xiao tu" ce /</subfield>
         <subfield code="r">林晖.</subfield>
      </datafield>
      <datafield tag="505" ind1="0" ind2="0">
         <subfield code="g">Museum.</subfield>
         <subfield code="t">Sketch of Hainan Museum collections of cultural relics /</subfield>
         <subfield code="r">Qiu Gang --</subfield>
         <subfield code="t">Challenges and countermeasures of public security after the museum open and free /</subfield>
         <subfield code="r">Qian Chengguo --</subfield>
         <subfield code="t">About museum volunteer work /</subfield>
         <subfield code="r">Sun Xuedong --</subfield>
         <subfield code="t">Taking opportunity of the open and free, improving quality of temporary exhibition in grassroots museums /</subfield>
         <subfield code="r">Zhang Jianping --</subfield>
         <subfield code="g">Archaeology and history.</subfield>
         <subfield code="t">Discovery and research of shell (sand) mound site of Hainan Island /</subfield>
         <subfield code="r">Qiu Gang --</subfield>
         <subfield code="t">Sixty years of archaeology in Hainan /</subfield>
         <subfield code="r">Wang Daxin &amp; Hao Side --</subfield>
         <subfield code="t">Archaeological observation of the cultural pattern of south of the five ridges in almost 10,000 years ago /</subfield>
         <subfield code="r">He Guojun --</subfield>
         <subfield code="t">Simply talking about the historical information telled by Xisha cultural relics /</subfield>
         <subfield code="r">Hao Side --</subfield>
         <subfield code="t">Field investigation and archaeological excavations in Shentougang region of Yangpu in Hainan /</subfield>
         <subfield code="r">Yangpu work team of archaeology --</subfield>
         <subfield code="t">Salt field sites in Yangpu of Hainan /</subfield>
         <subfield code="r">Wang Yulong &amp; Jiang Bin --</subfield>
         <subfield code="t">Hainan bronze culture and related problems /</subfield>
         <subfield code="r">Tu Gaochao --</subfield>
         <subfield code="t">New discovery of paleolithic materials in Hainan /</subfield>
         <subfield code="r">Wang Mingzhong --</subfield>
         <subfield code="t">Epitaph interpretations of Taiyi people with clan name Lee /</subfield>
         <subfield code="r">Zhang Peilan --</subfield>
         <subfield code="t">Analysis of reasons for the flourishing of Hainan culture in Ming dynasty /</subfield>
         <subfield code="r">Ye Fan</subfield>
         <subfield code="t">Outline of the complex of Anderson and modern Chinese archaeology /</subfield>
         <subfield code="r">Zhang Hua &amp; Chen Jianhui --</subfield>
         <subfield code="t">Archaeological taphnology observation of the Shipreck site : some thoughts on the doubts of Huagang Reef I</subfield>
         <subfield code="r">Li Zhao</subfield>
         <subfield code="t">Hainan and "The Marine Sild Road" /</subfield>
         <subfield code="r">He Xiang.</subfield>
      </datafield>
      <datafield tag="505" ind1="0" ind2="0">
         <subfield code="g">Nationality.</subfield>
         <subfield code="t">"Daoyifuhui" (Indigene dressed in flower) and the textile culture of Li nationality in ancient Hainan /</subfield>
         <subfield code="r">Chen Jiang --</subfield>
         <subfield code="t">Preliminary exploration of the burial custom and the life and death thought of Li nationality in Hainan /</subfield>
         <subfield code="r">Wang Yulong --</subfield>
         <subfield code="t">Traditional farming way of Li nationality : slash and burn cultivation /</subfield>
         <subfield code="r">Wang Cui'e &amp; He Wuyun --</subfield>
         <subfield code="t">Exploration of bamboo culture of Li nationality /</subfield>
         <subfield code="r">Wang Huishan --</subfield>
         <subfield code="t">About the understanding of image material of Li nationality in Qing dynasty /</subfield>
         <subfield code="r">Chen Pei --</subfield>
         <subfield code="t">Aesthetics characteristic of traditional craft seeing from folk sculpture of Li nationality /</subfield>
         <subfield code="r">Wang Jing --</subfield>
         <subfield code="t">Investigation of Meifu dialect gelie people whistle officers system of Li nationality /</subfield>
         <subfield code="r">Wang En --</subfield>
         <subfield code="t">Simply on the protection of the handcraft intangible culture heritage given by museum: taking Hainan traditional handicraft as an example /</subfield>
         <subfield code="r">Jia Bin &amp; Zhu Lei /</subfield>
         <subfield code="g">Calligraphy and painting.</subfield>
         <subfield code="t">Identification of drawing of Hainan and Li nationality /</subfield>
         <subfield code="r">Li Yuanmao --</subfield>
         <subfield code="t">Textual research of drawing of the dragon boat and the Manito /</subfield>
         <subfield code="r">Gao Wenjie --</subfield>
         <subfield code="t">Drawing the filial piety with lofty sentiments and strong coloring /</subfield>
         <subfield code="r">Lin Hui.</subfield>
      </datafield>
      <datafield tag="651" ind1=" " ind2="0">
         <subfield code="6">880-07</subfield>
         <subfield code="a">Hainan Sheng (China)</subfield>
         <subfield code="x">Antiquities.</subfield>
      </datafield>
      <datafield tag="650" ind1=" " ind2="0">
         <subfield code="6">880-08</subfield>
         <subfield code="a">Excavations (Archaeology)</subfield>
         <subfield code="z">China</subfield>
         <subfield code="z">Hainan Sheng.</subfield>
      </datafield>
      <datafield tag="651" ind1=" " ind2="0">
         <subfield code="6">880-09</subfield>
         <subfield code="a">Hainan Sheng (China)</subfield>
         <subfield code="x">Civilization.</subfield>
      </datafield>
      <datafield tag="650" ind1=" " ind2="0">
         <subfield code="6">880-10</subfield>
         <subfield code="a">Ethnology</subfield>
         <subfield code="z">China</subfield>
         <subfield code="z">Hainan Sheng.</subfield>
      </datafield>
      <datafield tag="650" ind1=" " ind2="0">
         <subfield code="a">Museums</subfield>
         <subfield code="z">China</subfield>
         <subfield code="z">Hainan Sheng.</subfield>
      </datafield>
      <datafield tag="650" ind1=" " ind2="7">
         <subfield code="a">Antiquities.</subfield>
         <subfield code="2">fast</subfield>
         <subfield code="0">(OCoLC)fst00810745</subfield>
      </datafield>
      <datafield tag="650" ind1=" " ind2="7">
         <subfield code="a">Civilization.</subfield>
         <subfield code="2">fast</subfield>
         <subfield code="0">(OCoLC)fst00862898</subfield>
      </datafield>
      <datafield tag="650" ind1=" " ind2="7">
         <subfield code="a">Ethnology.</subfield>
         <subfield code="2">fast</subfield>
         <subfield code="0">(OCoLC)fst00916106</subfield>
      </datafield>
      <datafield tag="650" ind1=" " ind2="7">
         <subfield code="a">Excavations (Archaeology)</subfield>
         <subfield code="2">fast</subfield>
         <subfield code="0">(OCoLC)fst00917564</subfield>
      </datafield>
      <datafield tag="650" ind1=" " ind2="7">
         <subfield code="a">Museums.</subfield>
         <subfield code="2">fast</subfield>
         <subfield code="0">(OCoLC)fst01030128</subfield>
      </datafield>
      <datafield tag="651" ind1=" " ind2="7">
         <subfield code="a">China</subfield>
         <subfield code="z">Hainan Sheng.</subfield>
         <subfield code="2">fast</subfield>
         <subfield code="0">(OCoLC)fst01248518</subfield>
      </datafield>
      <datafield tag="700" ind1="1" ind2=" ">
         <subfield code="6">880-11</subfield>
         <subfield code="a">Qiu, Gang.</subfield>
      </datafield>
      <datafield tag="710" ind1="2" ind2=" ">
         <subfield code="6">880-12</subfield>
         <subfield code="a">Hainan Sheng bo wu guan.</subfield>
      </datafield>
      <datafield tag="880" ind1="0" ind2="0">
         <subfield code="6">245-01/</subfield>
         <subfield code="a">海南省博物馆研究文集 =</subfield>
         <subfield code="b">Hainan Museum collection of studies /</subfield>
         <subfield code="c">海南省博物馆编 ; 丘刚主编.</subfield>
      </datafield>
      <datafield tag="880" ind1=" " ind2=" ">
         <subfield code="6">250-02/</subfield>
         <subfield code="a">第1版.</subfield>
      </datafield>
      <datafield tag="880" ind1=" " ind2=" ">
         <subfield code="6">260-03/</subfield>
         <subfield code="a">北京 :</subfield>
         <subfield code="b">科学出版社,</subfield>
         <subfield code="c">2011.</subfield>
      </datafield>
      <datafield tag="880" ind1=" " ind2=" ">
         <subfield code="6">520-04/</subfield>
         <subfield code="a">本书收录了28篇论文，包括博物馆篇、考古、历史篇、民族篇、书画篇，内容涵盖了海南历史、海南少数民族、博物馆学、海南考古、南海水下考古以及宣传教育、文物安全等诸多学科。</subfield>
      </datafield>
      <datafield tag="880" ind1="0" ind2="0">
         <subfield code="6">505-05/</subfield>
         <subfield code="g">博物馆篇.</subfield>
         <subfield code="t">海南省博物馆馆藏文物述略 /</subfield>
         <subfield code="r">丘刚 --</subfield>
         <subfield code="t">博物馆免费开放中的公共安全挑战及对策：以海南省博物馆为例 /</subfield>
         <subfield code="r">钱承国 --</subfield>
         <subfield code="t">关于博物馆志愿者工作深析 /</subfield>
         <subfield code="r">孙雪冬 --</subfield>
         <subfield code="t">借助免费开放的契机，提升基层博物馆临展的质量 /</subfield>
         <subfield code="r">张健平</subfield>
         <subfield code="g">考古历史篇. --</subfield>
         <subfield code="t">海南岛贝（沙）丘遗址的发现与研究 /</subfield>
         <subfield code="r">丘刚 --</subfield>
         <subfield code="t">海南考古六十年 /</subfield>
         <subfield code="r">王大新, 郝思德 --</subfield>
         <subfield code="t">距今1万年前后岭南文化格局的考古学观察 /</subfield>
         <subfield code="r">何国俊 --</subfield>
         <subfield code="t">略谈西沙文物所传递的历史信息 /</subfield>
         <subfield code="r">郝思德 --</subfield>
         <subfield code="t">海南洋浦神头港区的田野考古调查与发掘 /</subfield>
         <subfield code="r">洋浦考古工作队 --</subfield>
         <subfield code="t">海南洋浦盐田遗址 /</subfield>
         <subfield code="r">王育龙, 蒋斌 --</subfield>
         <subfield code="t">海南青铜文化及其相关问题 /</subfield>
         <subfield code="r">涂高潮 --</subfield>
         <subfield code="t">海南省新发现的旧石器材料 /</subfield>
         <subfield code="r">王明忠, 李超荣, 李浩等 --</subfield>
         <subfield code="t">太宜人李氏墓志铭解读 /</subfield>
         <subfield code="r">章佩岚 --</subfield>
         <subfield code="t">明代海南文化兴盛原因浅析 /</subfield>
         <subfield code="r">叶帆 --</subfield>
         <subfield code="t">略述安特生与中国近代考古学情结 /</subfield>
         <subfield code="r">张华, 陈建辉 --</subfield>
         <subfield code="t">沉船遗址的考古埋藏学初探：以西沙“华光礁I号”为例 /</subfield>
         <subfield code="r">李钊 --</subfield>
         <subfield code="t">海南与“海上丝绸之路” /</subfield>
         <subfield code="r">何翔</subfield>
      </datafield>
      <datafield tag="880" ind1="0" ind2="0">
         <subfield code="6">505-06/</subfield>
         <subfield code="g">民族篇. --</subfield>
         <subfield code="t">“岛夷卉服”和古代海南黎族的纺织文化 /</subfield>
         <subfield code="r">陈江 --</subfield>
         <subfield code="t">海南岛黎族丧俗及其生死观初探 /</subfield>
         <subfield code="r">王育龙 --</subfield>
         <subfield code="t">海南黎族传统的农耕方式：刀耕火种 /</subfield>
         <subfield code="r">王翠娥, 贺务云 --</subfield>
         <subfield code="t">黎族竹文化探析 /</subfield>
         <subfield code="r">王辉山 --</subfield>
         <subfield code="t">对有关清代黎族图像资料的认识 /</subfield>
         <subfield code="r">陈佩 --</subfield>
         <subfield code="t">从黎族民间雕刻看黎族传统工艺的美学特征 /</subfield>
         <subfield code="r">王静 --</subfield>
         <subfield code="t">黎族美孚方言戈烈人哨官制度调查 /</subfield>
         <subfield code="r">王恩 --</subfield>
         <subfield code="t">浅谈博物馆对手工艺类非物质文化遗产的保护：以海南传统手工技艺为例 /</subfield>
         <subfield code="r">贾宾, 朱磊</subfield>
         <subfield code="g">书画篇. --</subfield>
         <subfield code="t">明邓廷宣款《琼黎风俗图》鉴定刍议 /</subfield>
         <subfield code="r">李元茂 --</subfield>
         <subfield code="t">《龙舟大神宝箱图》考 /</subfield>
         <subfield code="r">高文杰 --</subfield>
         <subfield code="t">豪情重彩画孝道：读徐燕孙《二十四孝图》册 /</subfield>
         <subfield code="r">林晖.</subfield>
      </datafield>
      <datafield tag="880" ind1=" " ind2="4">
         <subfield code="6">651-07/</subfield>
         <subfield code="a">海南省 (China)</subfield>
         <subfield code="x">Antiquities.</subfield>
      </datafield>
      <datafield tag="880" ind1=" " ind2="4">
         <subfield code="6">650-08/</subfield>
         <subfield code="a">Excavations (Archaeology)</subfield>
         <subfield code="z">中国</subfield>
         <subfield code="z">海南省.</subfield>
      </datafield>
      <datafield tag="880" ind1=" " ind2="4">
         <subfield code="6">651-09/</subfield>
         <subfield code="a">海南省 (China)</subfield>
         <subfield code="x">Civilization.</subfield>
      </datafield>
      <datafield tag="880" ind1=" " ind2="4">
         <subfield code="6">650-10/</subfield>
         <subfield code="a">Ethnology</subfield>
         <subfield code="z">中国</subfield>
         <subfield code="z">海南省.</subfield>
      </datafield>
      <datafield tag="880" ind1="1" ind2=" ">
         <subfield code="6">700-11/</subfield>
         <subfield code="a">丘刚.</subfield>
      </datafield>
      <datafield tag="880" ind1="2" ind2=" ">
         <subfield code="6">710-12/</subfield>
         <subfield code="a">海南省博物馆.</subfield>
      </datafield>
      <datafield tag="994" ind1=" " ind2=" ">
         <subfield code="a">Z0</subfield>
         <subfield code="b">ZYU</subfield>
      </datafield>
      <datafield tag="OWN" ind1=" " ind2=" ">
         <subfield code="a">GENERAL</subfield>
      </datafield>
      <datafield tag="AVA" ind1=" " ind2=" ">
         <subfield code="a">NYU50</subfield>
         <subfield code="b">NISAW</subfield>
         <subfield code="c">Large Collection</subfield>
         <subfield code="d">DS793.H3 H344 2011</subfield>
         <subfield code="e">available</subfield>
         <subfield code="t">Available</subfield>
         <subfield code="f">1</subfield>
         <subfield code="g">0</subfield>
         <subfield code="h">N</subfield>
         <subfield code="i">0</subfield>
         <subfield code="j">LARGE</subfield>
         <subfield code="k">0</subfield>
      </datafield>
      <marc:datafield tag="852" ind1=" " ind2=" ">
         <marc:subfield code="b">Institute for the Study of the Ancient World, </marc:subfield>
         <marc:subfield code="c">Large Collection</marc:subfield>
         <marc:subfield code="e">15 East 84th St., </marc:subfield>
         <marc:subfield code="e">New York, NY  10028</marc:subfield>
      </marc:datafield>
   </record>