
  
  
  
  
  
 
  
  <record xsi:schemaLocation="http://www.loc.gov/MARC21/slim http://www.loc.gov/standards/marcxml/schema/MARC21slim.xsd">
      <leader>00000cam  2200565 i 4500</leader>
      <controlfield tag="FMT">BK</controlfield>
      <controlfield tag="LDR">00000cam  2200565 i 4500</controlfield>
      <controlfield tag="001">004155854</controlfield>
      <controlfield tag="003">OCoLC</controlfield>
      <controlfield tag="005">20150706115606.0</controlfield>
      <controlfield tag="008">150706s2014    cc a     b    000 0 chi d</controlfield>
      <datafield tag="020" ind1=" " ind2=" ">
         <subfield code="a">9787501040629</subfield>
      </datafield>
      <datafield tag="020" ind1=" " ind2=" ">
         <subfield code="a">7501040621</subfield>
      </datafield>
      <datafield tag="035" ind1=" " ind2=" ">
         <subfield code="a">(OCoLC)893941209</subfield>
      </datafield>
      <datafield tag="040" ind1=" " ind2=" ">
         <subfield code="a">BCBTC</subfield>
         <subfield code="b">eng</subfield>
         <subfield code="e">rda</subfield>
         <subfield code="c">BCBTC</subfield>
         <subfield code="d">LGG</subfield>
         <subfield code="d">XFF</subfield>
         <subfield code="d">LGG</subfield>
         <subfield code="d">ZYU</subfield>
         <subfield code="d">NNU</subfield>
      </datafield>
      <datafield tag="043" ind1=" " ind2=" ">
         <subfield code="a">a-cc-im</subfield>
      </datafield>
      <datafield tag="050" ind1=" " ind2="4">
         <subfield code="a">DS797.54.C484</subfield>
         <subfield code="b">C458 2014</subfield>
      </datafield>
      <datafield tag="066" ind1=" " ind2=" ">
         <subfield code="c">$1</subfield>
      </datafield>
      <datafield tag="245" ind1="0" ind2="0">
         <subfield code="6">880-01</subfield>
         <subfield code="a">Chifeng wen hua yi chan /</subfield>
         <subfield code="c">zhu bian Chen Yongzhi, Ji Ping, Zhang Wenping ; Nei Menggu Zizhiqu wen wu kao gu yan jiu suo bian.</subfield>
      </datafield>
      <datafield tag="250" ind1=" " ind2=" ">
         <subfield code="6">880-02</subfield>
         <subfield code="a">Di 1 ban.</subfield>
      </datafield>
      <datafield tag="260" ind1=" " ind2=" ">
         <subfield code="6">880-03</subfield>
         <subfield code="a">Beijing Shi :</subfield>
         <subfield code="b">Wen wu chu ban she,</subfield>
         <subfield code="c">2014.</subfield>
      </datafield>
      <datafield tag="300" ind1=" " ind2=" ">
         <subfield code="a">389 pages :</subfield>
         <subfield code="b">color illustrations ;</subfield>
         <subfield code="c">25 cm.</subfield>
      </datafield>
      <datafield tag="336" ind1=" " ind2=" ">
         <subfield code="a">text</subfield>
         <subfield code="b">txt</subfield>
         <subfield code="2">rdacontent</subfield>
      </datafield>
      <datafield tag="337" ind1=" " ind2=" ">
         <subfield code="a">unmediated</subfield>
         <subfield code="b">n</subfield>
         <subfield code="2">rdamedia</subfield>
      </datafield>
      <datafield tag="338" ind1=" " ind2=" ">
         <subfield code="a">volume</subfield>
         <subfield code="b">nc</subfield>
         <subfield code="2">rdacarrier</subfield>
      </datafield>
      <datafield tag="490" ind1="1" ind2=" ">
         <subfield code="6">880-04</subfield>
         <subfield code="a">Nei Menggu wen hua yi chan cong shu</subfield>
      </datafield>
      <datafield tag="504" ind1=" " ind2=" ">
         <subfield code="a">Includes bibliographical references.</subfield>
      </datafield>
      <datafield tag="520" ind1=" " ind2=" ">
         <subfield code="6">880-05</subfield>
         <subfield code="a">"Nei Menggu wen hua yi chan cong shu: Shifeng wen hua yi chan" jiang Chifeng Diqu jiao ju dai biao xing de wu zhi wen hua yi chan hui ji cheng ce. Quan shu ji ben an shi dai xu lie, fen wei xin shi qi shi dai, qing tong shi dai zhi zao qi tie qi shi dai, Zhan guo Qin Han shi qi, Tang dai, Liao Jin Yuan shi qi, Ming Qing shi qi, jin xian dai deng qi ge shi qi. Zai mei ge shi dai, jiang an yi cun an gu yi zhi, gu mu zang, gu jian zhu, shi ku si ji shi ke, qi ta deng lei bie yi ci jing xing jian jie. "Nei Menggu wen hua yi chan cong shu: Chifeng wen hua yi chan" jie shao de yi cun she ji wen wu yi zhi de ji ben zhuang kuang, gong zuo yu yan jiu gai kuang, yi cun jia zhi deng nei rong, bing pei you yi zhi ben ti ji chu tu wen wu zhao pian deng, tu ren bing mao, yi shi gu zhi neng gou jiao wei xiang xi de liao jie Chifeng Diqu wen hua yi chan he li shi yan ge, liao jie wen wu kao gu gong zuo zhe shu shi nian lai wei Zizhiqu wen wu kao gu shi ye de fa zhan fu chu de jian xing he qu de de fen shuo cheng guo.</subfield>
      </datafield>
      <datafield tag="650" ind1=" " ind2="0">
         <subfield code="6">880-06</subfield>
         <subfield code="a">Cultural property</subfield>
         <subfield code="z">China</subfield>
         <subfield code="z">Chifeng Shi.</subfield>
      </datafield>
      <datafield tag="651" ind1=" " ind2="0">
         <subfield code="6">880-07</subfield>
         <subfield code="a">Chifeng Shi (China)</subfield>
         <subfield code="x">Civilization.</subfield>
      </datafield>
      <datafield tag="651" ind1=" " ind2="0">
         <subfield code="6">880-08</subfield>
         <subfield code="a">Chifeng Shi (China)</subfield>
         <subfield code="x">Antiquities.</subfield>
      </datafield>
      <datafield tag="700" ind1="1" ind2=" ">
         <subfield code="6">880-09</subfield>
         <subfield code="a">Chen, Yongzhi,</subfield>
         <subfield code="d">1962-</subfield>
         <subfield code="e">editor.</subfield>
      </datafield>
      <datafield tag="700" ind1="1" ind2=" ">
         <subfield code="6">880-10</subfield>
         <subfield code="a">Ji, Ping,</subfield>
         <subfield code="e">editor.</subfield>
      </datafield>
      <datafield tag="700" ind1="1" ind2=" ">
         <subfield code="6">880-11</subfield>
         <subfield code="a">Zhang, Wenping,</subfield>
         <subfield code="e">editor.</subfield>
      </datafield>
      <datafield tag="710" ind1="2" ind2=" ">
         <subfield code="6">880-12</subfield>
         <subfield code="a">Nei Menggu wen wu kao gu yan jiu suo,</subfield>
         <subfield code="e">editor.</subfield>
      </datafield>
      <datafield tag="880" ind1="0" ind2="0">
         <subfield code="6">245-01/</subfield>
         <subfield code="a">赤峰文化遗产 /</subfield>
         <subfield code="c">主编 陈永志, 吉平, 张文平 ; 内蒙古自治区文物考古研究所编.</subfield>
      </datafield>
      <datafield tag="880" ind1=" " ind2=" ">
         <subfield code="6">250-02/</subfield>
         <subfield code="a">第1版.</subfield>
      </datafield>
      <datafield tag="880" ind1=" " ind2=" ">
         <subfield code="6">260-03/</subfield>
         <subfield code="a">北京市 :</subfield>
         <subfield code="b">文物出版社,</subfield>
         <subfield code="c">2014.</subfield>
      </datafield>
      <datafield tag="880" ind1="1" ind2=" ">
         <subfield code="6">490-04/</subfield>
         <subfield code="a">内蒙古文化遗产丛书</subfield>
      </datafield>
      <datafield tag="880" ind1=" " ind2=" ">
         <subfield code="6">520-05/</subfield>
         <subfield code="a">《内蒙古文化遗产丛书：赤峰文化遗产》将赤峰地区较具代表性的物质文化遗产汇辑成册。全书基本按时代序列，分为新石器时代、青铜时代至早期铁器时代、战国秦汉时期、唐代、辽金元时期、明清时期、近现代等七个时期。在每个时代，将遗存按古遗址、古墓葬、古建筑、石窟寺及石刻、其他等类别依次进行简介。《内蒙古文化遗产丛书：赤峰文化遗产》介绍的遗存涉及文物遗址的基本状况、工作与研究概况、遗存价值等内容，并配有遗址本体及出土文物照片等，图文并茂，以使读者能够较为详细地了解赤峰地区的物质文化遗产和历史沿革，了解文物考古工作者数十年来为自治区文物考古事业的发展付出的艰辛和取得的丰硕成果。</subfield>
      </datafield>
      <datafield tag="880" ind1=" " ind2="4">
         <subfield code="6">650-06/</subfield>
         <subfield code="a">Cultural property</subfield>
         <subfield code="z">China</subfield>
         <subfield code="z">赤峰市</subfield>
      </datafield>
      <datafield tag="880" ind1=" " ind2="4">
         <subfield code="6">651-07/</subfield>
         <subfield code="a">赤峰市 (China)</subfield>
         <subfield code="x">Civilization.</subfield>
      </datafield>
      <datafield tag="880" ind1=" " ind2="4">
         <subfield code="6">651-08/</subfield>
         <subfield code="a">赤峰市 (China)</subfield>
         <subfield code="x">Antiquities.</subfield>
      </datafield>
      <datafield tag="880" ind1="1" ind2=" ">
         <subfield code="6">700-09/</subfield>
         <subfield code="a">陈永志,</subfield>
         <subfield code="d">1962-</subfield>
         <subfield code="e">editor.</subfield>
      </datafield>
      <datafield tag="880" ind1="1" ind2=" ">
         <subfield code="6">700-10/</subfield>
         <subfield code="a">吉平,</subfield>
         <subfield code="e">editor.</subfield>
      </datafield>
      <datafield tag="880" ind1="1" ind2=" ">
         <subfield code="6">700-11/</subfield>
         <subfield code="a">张文平,</subfield>
         <subfield code="e">editor.</subfield>
      </datafield>
      <datafield tag="880" ind1="2" ind2=" ">
         <subfield code="6">710-12/</subfield>
         <subfield code="a">内蒙古文物考古研究所,</subfield>
         <subfield code="e">editor.</subfield>
      </datafield>
      <datafield tag="830" ind1=" " ind2="0">
         <subfield code="6">880-13</subfield>
         <subfield code="a">Nei Menggu wen hua yi chan cong shu.</subfield>
      </datafield>
      <datafield tag="880" ind1=" " ind2="0">
         <subfield code="6">830-13/</subfield>
         <subfield code="a">内蒙古文化遗产丛书.</subfield>
      </datafield>
      <datafield tag="994" ind1=" " ind2=" ">
         <subfield code="a">Z0</subfield>
         <subfield code="b">ZYU</subfield>
      </datafield>
      <datafield tag="OWN" ind1=" " ind2=" ">
         <subfield code="a">GENERAL</subfield>
      </datafield>
      <datafield tag="AVA" ind1=" " ind2=" ">
         <subfield code="a">NYU50</subfield>
         <subfield code="b">NISAW</subfield>
         <subfield code="c">Small Collection</subfield>
         <subfield code="d">DS797.54.C484 C458 2014</subfield>
         <subfield code="e">available</subfield>
         <subfield code="t">Available</subfield>
         <subfield code="f">1</subfield>
         <subfield code="g">0</subfield>
         <subfield code="h">N</subfield>
         <subfield code="i">0</subfield>
         <subfield code="j">SMALL</subfield>
         <subfield code="k">0</subfield>
      </datafield>
      <marc:datafield tag="852" ind1=" " ind2=" ">
         <marc:subfield code="b">Institute for the Study of the Ancient World, </marc:subfield>
         <marc:subfield code="c">Small Collection</marc:subfield>
         <marc:subfield code="e">15 East 84th St., </marc:subfield>
         <marc:subfield code="e">New York, NY  10028</marc:subfield>
      </marc:datafield>
   </record>