
  
  
  
  
  
 
  
  <record xsi:schemaLocation="http://www.loc.gov/MARC21/slim http://www.loc.gov/standards/marcxml/schema/MARC21slim.xsd">
      <leader>00000cam  2200553 a 4500</leader>
      <controlfield tag="FMT">BK</controlfield>
      <controlfield tag="LDR">00000cam  2200553 a 4500</controlfield>
      <controlfield tag="001">004156671</controlfield>
      <controlfield tag="003">OCoLC</controlfield>
      <controlfield tag="005">20150708151859.0</controlfield>
      <controlfield tag="008">121109s2012    cc af    b    100 0 chi d</controlfield>
      <datafield tag="020" ind1=" " ind2=" ">
         <subfield code="a">9787501035311</subfield>
      </datafield>
      <datafield tag="020" ind1=" " ind2=" ">
         <subfield code="a">7501035318</subfield>
      </datafield>
      <datafield tag="035" ind1=" " ind2=" ">
         <subfield code="a">(OCoLC)817085527</subfield>
      </datafield>
      <datafield tag="040" ind1=" " ind2=" ">
         <subfield code="a">BCBTC</subfield>
         <subfield code="b">eng</subfield>
         <subfield code="c">BCBTC</subfield>
         <subfield code="d">CNPIT</subfield>
         <subfield code="d">CLU</subfield>
         <subfield code="d">OCLCF</subfield>
         <subfield code="d">ZYU</subfield>
         <subfield code="d">NNU</subfield>
      </datafield>
      <datafield tag="050" ind1=" " ind2="4">
         <subfield code="a">DS793.L4957</subfield>
         <subfield code="b">L536 2011</subfield>
      </datafield>
      <datafield tag="066" ind1=" " ind2=" ">
         <subfield code="c">$1</subfield>
      </datafield>
      <datafield tag="111" ind1="2" ind2=" ">
         <subfield code="6">880-01</subfield>
         <subfield code="a">Liao He xun gen wen ming su yuan : Zhonghua wen ming qi yuan xue shu yan tao hui</subfield>
         <subfield code="d">(2011 :</subfield>
         <subfield code="c">Shenyang Shi, China)</subfield>
      </datafield>
      <datafield tag="245" ind1="1" ind2="0">
         <subfield code="6">880-02</subfield>
         <subfield code="a">Liao He xun gen wen ming su yuan :</subfield>
         <subfield code="b">Zhonghua wen ming qi yuan xue shu yan tao hui lun wen ji /</subfield>
         <subfield code="c">Liaoning Sheng bo wu guan bian.</subfield>
      </datafield>
      <datafield tag="246" ind1="3" ind2="0">
         <subfield code="6">880-03</subfield>
         <subfield code="a">Zhonghua wen ming qi yuan xue shu yan tao hui lun wen ji</subfield>
      </datafield>
      <datafield tag="246" ind1="1" ind2="4">
         <subfield code="a">Tracing the source of the Liaohe river civilization :</subfield>
         <subfield code="b">the proceedings of the symposium on the origination of the Chinese civilization</subfield>
      </datafield>
      <datafield tag="250" ind1=" " ind2=" ">
         <subfield code="6">880-04</subfield>
         <subfield code="a">Di 1 ban.</subfield>
      </datafield>
      <datafield tag="260" ind1=" " ind2=" ">
         <subfield code="6">880-05</subfield>
         <subfield code="a">Beijing :</subfield>
         <subfield code="b">Wen wu chu ban she,</subfield>
         <subfield code="c">2012.</subfield>
      </datafield>
      <datafield tag="300" ind1=" " ind2=" ">
         <subfield code="a">4, 243 p., [2] p. of plates :</subfield>
         <subfield code="b">ill. (some col.) ;</subfield>
         <subfield code="c">27 cm.</subfield>
      </datafield>
      <datafield tag="504" ind1=" " ind2=" ">
         <subfield code="a">Includes bibliographical references.</subfield>
      </datafield>
      <datafield tag="520" ind1=" " ind2=" ">
         <subfield code="6">880-06</subfield>
         <subfield code="a">Ben lun wen ji shi you Liaoning Sheng wen wu ju zhu ban, Liaoning Sheng bo wu guan he Liaoning Sheng kao gu yan jiu suo cheng ban de "Liao He xun gen Wen ming su yuan--Zhonghua wen ming qi yuan xue shu yan tao hui" 8 yue 19 ri zai Shenyang ju xing de ji chu shang, jiang zhuan jia ge fang mian de gong zuo cheng guo hui ji cheng ce.</subfield>
      </datafield>
      <datafield tag="505" ind1="0" ind2="0">
         <subfield code="6">880-07</subfield>
         <subfield code="t">"Lao He wen ming" jie /</subfield>
         <subfield code="r">Guo Dashun --</subfield>
         <subfield code="t">Liao He liu yu xin shi qi wen hua de di yi ge xing sheng qi: Xinglongwa wen hua shi qi /</subfield>
         <subfield code="r">Zhang Xingde --</subfield>
         <subfield code="t">Chahai wen hua de long chong bai /</subfield>
         <subfield code="r">Li Jingyan --</subfield>
         <subfield code="t">Fuxin Diqu de zao qi wen ming /</subfield>
         <subfield code="r">Shi Jinming --</subfield>
         <subfield code="t">Fuxin Diqu shi qian wen hua ji qi ying xiang /</subfield>
         <subfield code="r">Hu Jian --</subfield>
         <subfield code="t">Xinyue wen hua yuan liu ji qi xiang guan wen ti; Xinyue yi zhi zai Dongbei Diqu shi qian wen hua qu xi kao gu xue wen hua yan jiu zhong de di wei /</subfield>
         <subfield code="r">Zhou Yangsheng --</subfield>
         <subfield code="t">Hongshan wen hua Niüheliang qi de que li /</subfield>
         <subfield code="r">Fang Dianchun, Zhu Da --</subfield>
         <subfield code="t">Hongshan wen hua ju luo yi zhi yan jiu de zhong yao fa xian: 2010 nian Chifeng Weijiawopu yi zhi kao gu fa jue de shou huo yu qi shi /</subfield>
         <subfield code="r">Nei Menggu Zizhiqu wen wu kao gu yan jiu suo, Jilin da xue bian jiang kao gu yan jiu zhong xin lian he kao gu dui --</subfield>
         <subfield code="t">Lingyuan Shi Xiliangtou Hongshan wen hua shi guan mu di de fa jue yu yan jiu /</subfield>
         <subfield code="r">Wang Laizhu --</subfield>
         <subfield code="t">Niüheliang di shi liu di dian si hao da xing mu ji xiang guan wen ti tan tao /</subfield>
         <subfield code="r">Liu Guoxiang --</subfield>
      </datafield>
      <datafield tag="505" ind1="0" ind2="0">
         <subfield code="6">880-08</subfield>
         <subfield code="t">Cong Niüheliang yi zhi di er di dian yi hao zhong M21 chu tu yu qi kan Hongshan wen hua yu qi de bei fang yin su /</subfield>
         <subfield code="r">Zhou Xiaojing --</subfield>
         <subfield code="t">Niüheliang deng Hongshan wen hua yi zhi suo jian "Zu xian chong bai" de ruo gan xian suo /</subfield>
         <subfield code="r">Guo Dashun --</subfield>
         <subfield code="t">Guan yu Liao xi shi qian yu qi de ji ge wen ti /</subfield>
         <subfield code="r">Zhao Binfu --</subfield>
         <subfield code="t">Liao He wen ming zai Zhonghua wen ming qi yuan zhong de di wei yu zuo yong: yi Hongshan wen hua wei zhong dian /</subfield>
         <subfield code="r">Lü Jun --</subfield>
         <subfield code="t">Kangping Faku liang xian shi qian wen hua xing zhi yu nei han fen xi /</subfield>
         <subfield code="r">Zhou Xiangyong, Shen Shushi --</subfield>
         <subfield code="t">Liaodong Bandao Xiaozhu Shan xia ceng wen hua tao qi bi jiao yan jiu /</subfield>
         <subfield code="r">Zhang Cuimin, Wang Yu --</subfield>
         <subfield code="t">Xuanji Liaodong Bandao yu Shandong Bandao zhi bi jiao /</subfield>
         <subfield code="r">Wang Sizhou--</subfield>
         <subfield code="t">Dalian Diqu ji shi mu qian jian /</subfield>
         <subfield code="r">Zhang Zhicheng --</subfield>
         <subfield code="t">Cong Su Bingqi xian sheng de "San bu qu" kui shi Liao He wen ming de te shu li shi di wei: zai lun Xiajiadian xia ceng wen hua yu "Yanbo" /</subfield>
         <subfield code="r">Wang Mianhou --</subfield>
      </datafield>
      <datafield tag="505" ind1="0" ind2="0">
         <subfield code="6">880-09</subfield>
         <subfield code="t">Fushun Diqu de gu zu, gu guo yu gu wen hua /</subfield>
         <subfield code="r">Xiao Jingquan --</subfield>
         <subfield code="t">Liao He wen ming de ji dian si kao: hui yi zong jie /</subfield>
         <subfield code="r">Guo Dashun --</subfield>
         <subfield code="t">Fu lu yi "Liao He xun gen wen ming su yuan: Zhonghua wen ming qi yuan zhan" jie du /</subfield>
         <subfield code="r">Liu Ning --</subfield>
         <subfield code="t">Fu lu er "Liao He xun gen wen ming su yuan: Zhonghua wen ming qi yuan zhan" ying fa zhong xue li shi jiao yu jiao xue de ji dian si kao /</subfield>
         <subfield code="r">Hu Boling.</subfield>
      </datafield>
      <datafield tag="651" ind1=" " ind2="0">
         <subfield code="a">Liao River Watershed (China)</subfield>
         <subfield code="x">Antiquities</subfield>
         <subfield code="v">Congresses.</subfield>
      </datafield>
      <datafield tag="651" ind1=" " ind2="0">
         <subfield code="a">Liao River Watershed (China)</subfield>
         <subfield code="x">Civilization</subfield>
         <subfield code="v">Congresses.</subfield>
      </datafield>
      <datafield tag="651" ind1=" " ind2="0">
         <subfield code="a">China</subfield>
         <subfield code="x">Civilization.</subfield>
      </datafield>
      <datafield tag="650" ind1=" " ind2="7">
         <subfield code="a">Antiquities.</subfield>
         <subfield code="2">fast</subfield>
         <subfield code="0">(OCoLC)fst00810745</subfield>
      </datafield>
      <datafield tag="650" ind1=" " ind2="7">
         <subfield code="a">Civilization.</subfield>
         <subfield code="2">fast</subfield>
         <subfield code="0">(OCoLC)fst00862898</subfield>
      </datafield>
      <datafield tag="651" ind1=" " ind2="7">
         <subfield code="a">China.</subfield>
         <subfield code="2">fast</subfield>
         <subfield code="0">(OCoLC)fst01206073</subfield>
      </datafield>
      <datafield tag="651" ind1=" " ind2="7">
         <subfield code="a">China</subfield>
         <subfield code="z">Liao River Watershed.</subfield>
         <subfield code="2">fast</subfield>
         <subfield code="0">(OCoLC)fst01296736</subfield>
      </datafield>
      <datafield tag="655" ind1=" " ind2="7">
         <subfield code="a">Conference proceedings.</subfield>
         <subfield code="2">fast</subfield>
         <subfield code="0">(OCoLC)fst01423772</subfield>
      </datafield>
      <datafield tag="710" ind1="2" ind2=" ">
         <subfield code="6">880-10</subfield>
         <subfield code="a">Liaoning Sheng bo wu guan.</subfield>
      </datafield>
      <datafield tag="710" ind1="2" ind2=" ">
         <subfield code="6">880-11</subfield>
         <subfield code="a">Liaoning Sheng wen wu ju.</subfield>
      </datafield>
      <datafield tag="710" ind1="2" ind2=" ">
         <subfield code="6">880-12</subfield>
         <subfield code="a">Liaoning Sheng wen wu kao gu yan jiu suo.</subfield>
      </datafield>
      <datafield tag="880" ind1="2" ind2=" ">
         <subfield code="6">111-01/</subfield>
         <subfield code="a">辽河寻根文明溯源 : 中华文明起源学术研讨会</subfield>
         <subfield code="d">(2011 :</subfield>
         <subfield code="c">Shenyang Shi, China)</subfield>
      </datafield>
      <datafield tag="880" ind1="1" ind2="0">
         <subfield code="6">245-02/</subfield>
         <subfield code="a">辽河寻根文明溯源 :</subfield>
         <subfield code="b">中华文明起源学术研讨会论文集 /</subfield>
         <subfield code="c">辽宁省博物馆编.</subfield>
      </datafield>
      <datafield tag="880" ind1="3" ind2="0">
         <subfield code="6">246-03/</subfield>
         <subfield code="a">中华文明起源学术研讨会论文集</subfield>
      </datafield>
      <datafield tag="880" ind1=" " ind2=" ">
         <subfield code="6">250-04/</subfield>
         <subfield code="a">第1版.</subfield>
      </datafield>
      <datafield tag="880" ind1=" " ind2=" ">
         <subfield code="6">260-05/</subfield>
         <subfield code="a">北京 :</subfield>
         <subfield code="b">文物出版社,</subfield>
         <subfield code="c">2012.</subfield>
      </datafield>
      <datafield tag="880" ind1=" " ind2=" ">
         <subfield code="6">520-06/</subfield>
         <subfield code="a">本论文集是由辽宁省文物局主办，辽宁省博物馆和辽宁省文物考古研究所承办的"辽河寻根 文明溯源--中华文明起源学术研讨会"8月19日在沈阳举行的基础上，将专家各方面工作成果汇集成册.</subfield>
      </datafield>
      <datafield tag="880" ind1="0" ind2="0">
         <subfield code="6">505-07/</subfield>
         <subfield code="t">"辽河文明"解 /</subfield>
         <subfield code="r">郭大顺 --</subfield>
         <subfield code="t">辽河流域新石器文化的第一个兴盛期: 兴隆洼文化时期 /</subfield>
         <subfield code="r">张星德 --</subfield>
         <subfield code="t">查海文化的龙崇拜 /</subfield>
         <subfield code="r">李井岩 --</subfield>
         <subfield code="t">阜新地区的早期文明 /</subfield>
         <subfield code="r">石金民 --</subfield>
         <subfield code="t">阜新地区史前文化及其影响 /</subfield>
         <subfield code="r">胡健 --</subfield>
         <subfield code="t">新乐文化源流及其相关问题 ; 新乐遗址在东北地区史前文化区系考古学文化研究中的地位 /</subfield>
         <subfield code="r">周阳生 --</subfield>
         <subfield code="t">红山文化牛河梁期的确立 /</subfield>
         <subfield code="r">方殿春, 朱达 --</subfield>
         <subfield code="t">红山文化聚落遗址研究的重要发现: 2010年赤峰魏家窝铺遗址考古发掘的收获与启示 /</subfield>
         <subfield code="r">内蒙古自治区文物考古研究所, 吉林大学边疆考古研究中心联合考古队 --</subfield>
         <subfield code="t">凌源市西梁头红山文化石棺墓地的发掘与研究 /</subfield>
         <subfield code="r">王来柱 --</subfield>
         <subfield code="t">牛河梁第十六地点四号大型墓及相关问题探讨 /</subfield>
         <subfield code="r">刘国祥 --</subfield>
      </datafield>
      <datafield tag="880" ind1="0" ind2="0">
         <subfield code="6">505-08/</subfield>
         <subfield code="t">从牛河梁遗址第二地点一号冢M21出土玉器看红山文化玉器的北方因素 /</subfield>
         <subfield code="r">周晓晶 --</subfield>
         <subfield code="t">牛河梁等红山文化遗址所见"祖先崇拜"的若干线索 /</subfield>
         <subfield code="r">郭大顺 --</subfield>
         <subfield code="t">关于辽西史前玉器的几个问题 /</subfield>
         <subfield code="r">赵宾福 --</subfield>
         <subfield code="t">辽河文明在中华文明起源中的地位与作用: 以红山文化为重点 /</subfield>
         <subfield code="r">吕军 --</subfield>
         <subfield code="t">康平法库两县史前文化性质与内涵分析 /</subfield>
         <subfield code="r">周向永, 陈术石 --</subfield>
         <subfield code="t">辽东半岛小珠山下层文化陶器比较研究 /</subfield>
         <subfield code="r">张翠敏, 王宇--</subfield>
         <subfield code="t">璇玑辽东半岛与山东半岛之比较 /</subfield>
         <subfield code="r">王嗣洲 --</subfield>
         <subfield code="t">大连地区积石墓浅见 /</subfield>
         <subfield code="r">张志成 --</subfield>
         <subfield code="t">从苏秉琦先生的"三部曲"窥探辽河文明的特殊历史地位: 再论夏家店下层文化与"燕毫" /</subfield>
         <subfield code="r">王绵厚 --</subfield>
      </datafield>
      <datafield tag="880" ind1="0" ind2="0">
         <subfield code="6">505-09/</subfield>
         <subfield code="t">抚顺地区的古族、古国与古文化 /</subfield>
         <subfield code="r">肖景全 --</subfield>
         <subfield code="t">辽河文明的几点思考: 会议总结 /</subfield>
         <subfield code="r">郭大顺 --</subfield>
         <subfield code="t">附录一"辽河寻根文明溯源: 中华文明起源展"解读 /</subfield>
         <subfield code="r">刘宁 --</subfield>
         <subfield code="t">附录二"辽河寻根文明溯源: 中华文明起源展"引发中学历史教育教学的几点思考 /</subfield>
         <subfield code="r">胡柏玲.</subfield>
      </datafield>
      <datafield tag="880" ind1="2" ind2=" ">
         <subfield code="6">710-10/</subfield>
         <subfield code="a">辽宁省博物馆.</subfield>
      </datafield>
      <datafield tag="880" ind1="2" ind2=" ">
         <subfield code="6">710-11/</subfield>
         <subfield code="a">辽宁省文物局.</subfield>
      </datafield>
      <datafield tag="880" ind1="2" ind2=" ">
         <subfield code="6">710-12/</subfield>
         <subfield code="a">辽宁省文物考古研究所</subfield>
      </datafield>
      <datafield tag="994" ind1=" " ind2=" ">
         <subfield code="a">Z0</subfield>
         <subfield code="b">ZYU</subfield>
      </datafield>
      <datafield tag="OWN" ind1=" " ind2=" ">
         <subfield code="a">GENERAL</subfield>
      </datafield>
      <datafield tag="AVA" ind1=" " ind2=" ">
         <subfield code="a">NYU50</subfield>
         <subfield code="b">NISAW</subfield>
         <subfield code="c">Small Collection</subfield>
         <subfield code="d">DS793.L4957 L5362 2011</subfield>
         <subfield code="e">available</subfield>
         <subfield code="t">Available</subfield>
         <subfield code="f">1</subfield>
         <subfield code="g">0</subfield>
         <subfield code="h">N</subfield>
         <subfield code="i">0</subfield>
         <subfield code="j">SMALL</subfield>
         <subfield code="k">0</subfield>
      </datafield>
      <marc:datafield tag="852" ind1=" " ind2=" ">
         <marc:subfield code="b">Institute for the Study of the Ancient World, </marc:subfield>
         <marc:subfield code="c">Small Collection</marc:subfield>
         <marc:subfield code="e">15 East 84th St., </marc:subfield>
         <marc:subfield code="e">New York, NY  10028</marc:subfield>
      </marc:datafield>
   </record>