
  
  
  
  
  
 
  
  <record xsi:schemaLocation="http://www.loc.gov/MARC21/slim http://www.loc.gov/standards/marcxml/schema/MARC21slim.xsd">
      <leader>00000cam  2200625 a 4500</leader>
      <controlfield tag="FMT">BK</controlfield>
      <controlfield tag="LDR">00000cam  2200625 a 4500</controlfield>
      <controlfield tag="001">004157159</controlfield>
      <controlfield tag="003">OCoLC</controlfield>
      <controlfield tag="005">20150710124249.0</controlfield>
      <controlfield tag="008">150710s2011    cc ab    b    000 0 chi d</controlfield>
      <datafield tag="010" ind1=" " ind2=" ">
         <subfield code="a">2011441577</subfield>
      </datafield>
      <datafield tag="020" ind1=" " ind2=" ">
         <subfield code="a">9787501031078</subfield>
      </datafield>
      <datafield tag="020" ind1=" " ind2=" ">
         <subfield code="a">750103107X</subfield>
      </datafield>
      <datafield tag="035" ind1=" " ind2=" ">
         <subfield code="a">(OCoLC)707607608</subfield>
      </datafield>
      <datafield tag="040" ind1=" " ind2=" ">
         <subfield code="a">BCBTC</subfield>
         <subfield code="b">eng</subfield>
         <subfield code="c">BCBTC</subfield>
         <subfield code="d">DLC</subfield>
         <subfield code="d">CNPIT</subfield>
         <subfield code="d">TEF</subfield>
         <subfield code="d">OCLCF</subfield>
         <subfield code="d">ZYU</subfield>
         <subfield code="d">NNU</subfield>
      </datafield>
      <datafield tag="042" ind1=" " ind2=" ">
         <subfield code="a">lccopycat</subfield>
      </datafield>
      <datafield tag="043" ind1=" " ind2=" ">
         <subfield code="a">a-cc-pe</subfield>
      </datafield>
      <datafield tag="050" ind1="0" ind2="0">
         <subfield code="a">DS795.15</subfield>
         <subfield code="b">.H36 2011</subfield>
      </datafield>
      <datafield tag="066" ind1=" " ind2=" ">
         <subfield code="c">$1</subfield>
      </datafield>
      <datafield tag="100" ind1="1" ind2=" ">
         <subfield code="6">880-01</subfield>
         <subfield code="a">Han, Jianye,</subfield>
         <subfield code="d">1967-</subfield>
      </datafield>
      <datafield tag="245" ind1="1" ind2="0">
         <subfield code="6">880-02</subfield>
         <subfield code="a">Beijing xian Qin kao gu /</subfield>
         <subfield code="c">Han Jianye zhu.</subfield>
      </datafield>
      <datafield tag="250" ind1=" " ind2=" ">
         <subfield code="6">880-03</subfield>
         <subfield code="a">Di 1 ban.</subfield>
      </datafield>
      <datafield tag="260" ind1=" " ind2=" ">
         <subfield code="6">880-04</subfield>
         <subfield code="a">Beijing :</subfield>
         <subfield code="b">Wen wu chu ban she,</subfield>
         <subfield code="c">2011.</subfield>
      </datafield>
      <datafield tag="300" ind1=" " ind2=" ">
         <subfield code="a">11, 293 p. :</subfield>
         <subfield code="b">ill. (1 folded), map ;</subfield>
         <subfield code="c">24 cm.</subfield>
      </datafield>
      <datafield tag="504" ind1=" " ind2=" ">
         <subfield code="a">Includes bibliographical references.</subfield>
      </datafield>
      <datafield tag="520" ind1=" " ind2=" ">
         <subfield code="6">880-05</subfield>
         <subfield code="a">Ben shu zai kao gu xue fen qi de ji chu shang, dui Beijing Diqu xian Qin shi qi de kao gu xue wen hua pu xi, ju luo xing tai, jing ji xing tai, ren di guan xi deng jing xing le zong he kao cha, ren wei duo yuan wen hua de peng zhuang he rong he shi gai di qu wen hua fa zhan de yi ge xian zhu te dian, wen ming jin cheng ze xiang dui zhi hou yu Huang He liu yu bing shen shou qi ying xiang.</subfield>
      </datafield>
      <datafield tag="651" ind1=" " ind2="0">
         <subfield code="6">880-06</subfield>
         <subfield code="a">Beijing (China)</subfield>
         <subfield code="x">Antiquities.</subfield>
      </datafield>
      <datafield tag="650" ind1=" " ind2="0">
         <subfield code="6">880-07</subfield>
         <subfield code="a">Excavations (Archaeology)</subfield>
         <subfield code="z">China</subfield>
         <subfield code="z">Beijing.</subfield>
      </datafield>
      <datafield tag="651" ind1=" " ind2="0">
         <subfield code="a">China</subfield>
         <subfield code="x">History</subfield>
         <subfield code="y">To 221 B.C.</subfield>
      </datafield>
      <datafield tag="650" ind1=" " ind2="7">
         <subfield code="a">Antiquities.</subfield>
         <subfield code="2">fast</subfield>
         <subfield code="0">(OCoLC)fst00810745</subfield>
      </datafield>
      <datafield tag="650" ind1=" " ind2="7">
         <subfield code="a">Excavations (Archaeology)</subfield>
         <subfield code="2">fast</subfield>
         <subfield code="0">(OCoLC)fst00917564</subfield>
      </datafield>
      <datafield tag="651" ind1=" " ind2="7">
         <subfield code="a">China.</subfield>
         <subfield code="2">fast</subfield>
         <subfield code="0">(OCoLC)fst01206073</subfield>
      </datafield>
      <datafield tag="651" ind1=" " ind2="7">
         <subfield code="a">China</subfield>
         <subfield code="z">Beijing.</subfield>
         <subfield code="2">fast</subfield>
         <subfield code="0">(OCoLC)fst01205740</subfield>
      </datafield>
      <datafield tag="648" ind1=" " ind2="7">
         <subfield code="a">To 221 B.C.</subfield>
         <subfield code="2">fast</subfield>
      </datafield>
      <datafield tag="655" ind1=" " ind2="7">
         <subfield code="a">History.</subfield>
         <subfield code="2">fast</subfield>
         <subfield code="0">(OCoLC)fst01411628</subfield>
      </datafield>
      <datafield tag="880" ind1="1" ind2=" ">
         <subfield code="6">100-01/</subfield>
         <subfield code="a">韩建业,</subfield>
         <subfield code="d">1967-</subfield>
      </datafield>
      <datafield tag="880" ind1="1" ind2="0">
         <subfield code="6">245-02/</subfield>
         <subfield code="a">北京先秦考古 /</subfield>
         <subfield code="c">韩建业著.</subfield>
      </datafield>
      <datafield tag="880" ind1=" " ind2=" ">
         <subfield code="6">250-03/</subfield>
         <subfield code="a">第1版.</subfield>
      </datafield>
      <datafield tag="880" ind1=" " ind2=" ">
         <subfield code="6">260-04/</subfield>
         <subfield code="a">北京 :</subfield>
         <subfield code="b">文物出版社,</subfield>
         <subfield code="c">2011.</subfield>
      </datafield>
      <datafield tag="880" ind1=" " ind2=" ">
         <subfield code="6">520-05/</subfield>
         <subfield code="a">本书在考古学分期的基础上, 对北京地区先秦时期的考古学文化谱系, 聚落形态, 经济形态, 人地关系等进行了综合考察, 认为多元文化的碰撞和融合是该地区文化发展的一个显著特点, 文明进程则相对滞后于黄河流域并深受其影响.</subfield>
      </datafield>
      <datafield tag="880" ind1=" " ind2="4">
         <subfield code="6">651-06/</subfield>
         <subfield code="a">北京 (China)</subfield>
         <subfield code="x">Antiquities.</subfield>
      </datafield>
      <datafield tag="880" ind1=" " ind2="4">
         <subfield code="6">650-07/</subfield>
         <subfield code="a">Excavations (Archaeology)</subfield>
         <subfield code="z">China</subfield>
         <subfield code="z">北京.</subfield>
      </datafield>
      <datafield tag="994" ind1=" " ind2=" ">
         <subfield code="a">Z0</subfield>
         <subfield code="b">ZYU</subfield>
      </datafield>
      <datafield tag="OWN" ind1=" " ind2=" ">
         <subfield code="a">GENERAL</subfield>
      </datafield>
      <datafield tag="AVA" ind1=" " ind2=" ">
         <subfield code="a">NYU50</subfield>
         <subfield code="b">NISAW</subfield>
         <subfield code="c">Small Collection</subfield>
         <subfield code="d">DS795.15 .H36 2011</subfield>
         <subfield code="e">available</subfield>
         <subfield code="t">Available</subfield>
         <subfield code="f">1</subfield>
         <subfield code="g">0</subfield>
         <subfield code="h">N</subfield>
         <subfield code="i">0</subfield>
         <subfield code="j">SMALL</subfield>
         <subfield code="k">0</subfield>
      </datafield>
      <marc:datafield tag="852" ind1=" " ind2=" ">
         <marc:subfield code="b">Institute for the Study of the Ancient World, </marc:subfield>
         <marc:subfield code="c">Small Collection</marc:subfield>
         <marc:subfield code="e">15 East 84th St., </marc:subfield>
         <marc:subfield code="e">New York, NY  10028</marc:subfield>
      </marc:datafield>
   </record>