
  
  
  
  
  
 
  
  <record xsi:schemaLocation="http://www.loc.gov/MARC21/slim http://www.loc.gov/standards/marcxml/schema/MARC21slim.xsd">
      <leader>00000cam  22005295a 4500</leader>
      <controlfield tag="FMT">BK</controlfield>
      <controlfield tag="LDR">00000cam  22005295a 4500</controlfield>
      <controlfield tag="001">004157185</controlfield>
      <controlfield tag="003">OCoLC</controlfield>
      <controlfield tag="005">20150710163512.0</controlfield>
      <controlfield tag="008">150710s2010    cc abf        000 0 chi d</controlfield>
      <datafield tag="020" ind1=" " ind2=" ">
         <subfield code="a">9787501029976</subfield>
      </datafield>
      <datafield tag="020" ind1=" " ind2=" ">
         <subfield code="a">7501029970</subfield>
      </datafield>
      <datafield tag="035" ind1=" " ind2=" ">
         <subfield code="a">(OCoLC)698070933</subfield>
      </datafield>
      <datafield tag="040" ind1=" " ind2=" ">
         <subfield code="a">CNPIT</subfield>
         <subfield code="c">CNPIT</subfield>
         <subfield code="d">HLS</subfield>
         <subfield code="d">COO</subfield>
         <subfield code="d">OCLCA</subfield>
         <subfield code="d">OCLCF</subfield>
         <subfield code="d">OCLCO</subfield>
         <subfield code="d">ZYU</subfield>
         <subfield code="d">NNU</subfield>
      </datafield>
      <datafield tag="043" ind1=" " ind2=" ">
         <subfield code="a">a-cc-hh</subfield>
      </datafield>
      <datafield tag="050" ind1=" " ind2="4">
         <subfield code="a">NK7983.D38</subfield>
         <subfield code="b">Z466 2010</subfield>
      </datafield>
      <datafield tag="066" ind1=" " ind2=" ">
         <subfield code="c">$1</subfield>
      </datafield>
      <datafield tag="245" ind1="0" ind2="0">
         <subfield code="6">880-01</subfield>
         <subfield code="a">Zhongguo qing tong gu du :</subfield>
         <subfield code="b">Daye /</subfield>
         <subfield code="c">Zheng xie da ye shi wei yuan hui bian.</subfield>
      </datafield>
      <datafield tag="250" ind1=" " ind2=" ">
         <subfield code="6">880-02</subfield>
         <subfield code="a">Di 1 ban.</subfield>
      </datafield>
      <datafield tag="260" ind1=" " ind2=" ">
         <subfield code="6">880-03</subfield>
         <subfield code="a">Beijing :</subfield>
         <subfield code="b">Wen wu chu ban she,</subfield>
         <subfield code="c">2010.</subfield>
      </datafield>
      <datafield tag="300" ind1=" " ind2=" ">
         <subfield code="a">351 p., 15 p. of plates :</subfield>
         <subfield code="b">ill. (chiefly col.), col. folded map ;</subfield>
         <subfield code="c">32 cm.</subfield>
      </datafield>
      <datafield tag="520" ind1=" " ind2=" ">
         <subfield code="6">880-04</subfield>
         <subfield code="a">Ben shu xi Daye Shi zheng xie wei ying jie "Zhongguo Huangshi shou jie guo ji kuang ye wen hua lü you jie" ji "Zhongguo qing tong wen hua--Daye lun tan (2010)" suo bian zhuan, gong shou lu le guo nei wai zhuan jia, xue zhe guan yu Tonglü Shan gu tong tong kuan yi zhi de dian ping lun shu, zhe xie wen zhang zai jie shao Tonglü Shan gu tong kuang yi zhi de fa xian yu fa jue de guo cheng, tan tao Tonglü Shan go tong kuang yi zhi de di wei, jia zhi de tong shi xi tong chan shu le qing tong wen hua de ke xue nei han, ben zhi shu xing, xing tai te zheng, li shi yuan yuan, zhu yao gong neng, jian she tu jing deng. Ben shu shi jian guo yi lai Daye shi zai guo jia wen wu chu ban she chu ban de di yi ben wen hua zhuan zhu.</subfield>
      </datafield>
      <datafield tag="505" ind1="0" ind2="0">
         <subfield code="6">880-05</subfield>
         <subfield code="g">Wen wu bao hu he kao gu diao cha.</subfield>
         <subfield code="t">Guo wu yuan guan yu Hubei Shang Daye Tonglü Shan gu tong kuang yi zhi bao hu fang an de pi fu /</subfield>
         <subfield code="r">Zhonghua Renmin Gongheguo Guo wu yuan --</subfield>
         <subfield code="t">Tonglü Shan go tong kuang yi zhi shen qing lie ru "Shi jie wen hua yi chan" yu bei qing dan /</subfield>
         <subfield code="r">Guo jia wen wu ju --</subfield>
         <subfield code="t">Zai Guo jia wen wu shi ye guan li ju, Hubei Shang ren min zheng fu jiang li bao hu Tonglü Shan gu tong kuang yi zhi you gong dan wei, ge ren da hui shang de jiang hua /</subfield>
         <subfield code="r">Sun Yiqing --</subfield>
         <subfield code="t">Daye jing nei gu tong kuang yi zhi de fen bu he fa jue /</subfield>
         <subfield code="r">Huangshi Shi bo wu guan --</subfield>
         <subfield code="t">Hubei Tonglü Shan Dong zhou tong kuang yi zhi fa jue；Hubei Tonglü Shan gu tong kuang zai ci fa jue : Dong zhou lian tong lu de fa jue he lian tong mo ni shi yan /</subfield>
         <subfield code="r">Zhongguo she hui ke xue yuan kao gu yan jiu suo Tonglü Shan gong zuo dui --</subfield>
         <subfield code="t">Hubei Tonglü Shan Chun qiu Zhan guo gu kuang jin yi zhi fa jue jian bao /</subfield>
         <subfield code="r">Tonglü Shan kao gu fa jue dui --</subfield>
         <subfield code="t">Zhongguo qing tong shi dai de cai jue lian tong ji shu : Hubei Daye Tonglü Shan gu tong kuan yi zhi jian jie /</subfield>
         <subfield code="r">Huangshi Shi bo wu guan</subfield>
      </datafield>
      <datafield tag="505" ind1="0" ind2="0">
         <subfield code="6">880-06</subfield>
         <subfield code="g">Zhuan jia xue zhe dian ping yan jiu.</subfield>
         <subfield code="t">Zhuan jia xue zhe dian ping Tonglü Shan gu tong kuang yi zhi : Hubei Tonglü Shan gu tong kuang /</subfield>
         <subfield code="r">Xia Nai, Yin Weizhang --</subfield>
         <subfield code="t">Tonglü Shan gu tong kuang yi zhi fa xian de yi yi ji zai gu shi yan jiu zhong de zuo yong; Qing tong qi yuan liao tan mi: Tonglü Shan gu tong kuang de fa xian /</subfield>
         <subfield code="r">Yin Weizhang --</subfield>
         <subfield code="t">Daye Tonglü Shan gu tong kuang de guo shu: jian lun shang gu chan gong zhong xin de bian qian /</subfield>
         <subfield code="r">Zhang Zhengming, Liu Yutang --</subfield>
         <subfield code="t">Shang Zhou wang chao nan jing lüe tong lun /</subfield>
         <subfield code="r">Wan Quanwen --</subfield>
         <subfield code="t">Ren lei wen ming de ke ji zhi guang: Daye Tonglü Sha gu tong kuang yi zhi /</subfield>
         <subfield code="r">Tan Weisi --</subfield>
         <subfield code="t">Zhongguo kuang ye di yi yi: Daye gu tong kuang yi zhi /</subfield>
         <subfield code="r">Gong Liang --</subfield>
         <subfield code="t">Daye Tonglü Shan zai Shang shi yan jiu zhong de di wei /</subfield>
         <subfield code="r">Qu Yi --</subfield>
         <subfield code="t">Tonglü Shan Kongqueshi de gong yi xing yan jiu /</subfield>
         <subfield code="r">Hu Chengcheng --</subfield>
         <subfield code="t">Cong chuan xing mu dou gong yong tan xun Tonglü Shan gu tong kuang de huang jin zi yuan /</subfield>
         <subfield code="r">Wu Qinying, Hu Yang --</subfield>
         <subfield code="t">Qing tong shi dai /</subfield>
         <subfield code="r">Zeng Jixin --</subfield>
         <subfield code="t">Hui yi Tonglü Shan go tong kuang yi zhi fa jue /</subfield>
         <subfield code="r">Huang Huachen --</subfield>
         <subfield code="t">Hui yi jue ce yong jiu bao hu Tonglü Shan go tong kuang yi zh ide qian qian hou hou /</subfield>
         <subfield code="r">Zhou Baoquan --</subfield>
         <subfield code="t">Li dai ge fang dui Daye tong (tie) de zheng duo chu tan /</subfield>
         <subfield code="r">Li xianjun --</subfield>
      </datafield>
      <datafield tag="505" ind1="0" ind2="0">
         <subfield code="6">880-07</subfield>
         <subfield code="t">Tonglü Shan gu tong kuang tu xiang fen xi yan jiu /</subfield>
         <subfield code="r">Zhang Guoxiang, Gong Changhen --</subfield>
         <subfield code="t">Daye Tonglü Shan go tong kuang chan tong yue 10 wan dun qu xiang tan xi /</subfield>
         <subfield code="r">Zou Tianfu --</subfield>
         <subfield code="t">Tonglü Shan gu tong kuang yi zhi sheng huo qu diao yan bao gao; Daye xian Qin shi qi tong kuang ju min dian qian xi; Tonglü Shan gu tong kuang de sheng chan an quan huan bao /</subfield>
         <subfield code="r">Yu Binxian --</subfield>
         <subfield code="t">Tonglü Shan qing tong wen hua de li shi di wei; Daye qing tong wen hua su yuan /</subfield>
         <subfield code="r">Xu Xianzhi --</subfield>
         <subfield code="t">Daye qing tong wen hua yan jiu zhong de "Xun geng" yi shi shu ping --</subfield>
         <subfield code="t">Gei qing tong wen hua shi shang de Daye dai shang wang guan /</subfield>
         <subfield code="r">Li Xiong'an --</subfield>
         <subfield code="t">Daye zhi huo /</subfield>
         <subfield code="r">Wu Xiaomei deng --</subfield>
         <subfield code="t">Tonglü Shan gu tong kuang de qing tong zhi guang /</subfield>
         <subfield code="r">Liu Yishan --</subfield>
         <subfield code="t">Tong cao hua: ji Tonglü Shan gu tong kuang yi zhi /</subfield>
         <subfield code="r">Shen Guanghua --</subfield>
         <subfield code="t">Daye zen yang zuo huo qing tong wen hua wen zhang /</subfield>
         <subfield code="r">Wan Weijia --</subfield>
         <subfield code="t">Jian she Zhongguo qing tong gu du: Daye de gou xiang; Tonglü Shan gu tong kuang yi da shi ji /</subfield>
         <subfield code="r">Zhang Guoxiang</subfield>
      </datafield>
      <datafield tag="505" ind1="0" ind2="0">
         <subfield code="6">880-08</subfield>
         <subfield code="g">Li shi yuan yuan.</subfield>
         <subfield code="t">Zhongguo qing tong wen hua de fa zhan he te dian /</subfield>
         <subfield code="r">Xiong Zhihong --</subfield>
         <subfield code="t">He wei Zhongguo qing tong wen hua (gai yao) /</subfield>
         <subfield code="r">Wan Weijia --</subfield>
         <subfield code="t">Daye Shilongtou jiu shi qi shi dai yi zhi jian jie /</subfield>
         <subfield code="r">Huangshi Shi bo wu guan --</subfield>
         <subfield code="t">Daye Wulijie gu cheng jian jie; Daye Ewangcheng jian jie; Daye Caowangzui gu cheng jian jie; Daye Wulijie gu cheng, Ewangcheng, Caowangzui yu gu tong kuang cai ye ye guan xi tui ce /</subfield>
         <subfield code="r">Gong Changgen --</subfield>
         <subfield code="t">Daye Shi jian zhi yan ge chu lu /</subfield>
         <subfield code="r">Fang Yingjie --</subfield>
         <subfield code="t">Ru he shen bao shi jie yi chan: ji ji tui dong Tonglü Shan go tong kuang yi zhi shen bao gong zuo /</subfield>
         <subfield code="r">Gong Changgen.</subfield>
      </datafield>
      <datafield tag="651" ind1=" " ind2="0">
         <subfield code="6">880-09</subfield>
         <subfield code="a">Daye (Hubei Sheng, China)</subfield>
         <subfield code="x">Antiquities.</subfield>
      </datafield>
      <datafield tag="650" ind1=" " ind2="0">
         <subfield code="6">880-10</subfield>
         <subfield code="a">Excavations (Archaeology)</subfield>
         <subfield code="z">China</subfield>
         <subfield code="z">Daye (Hubei Sheng).</subfield>
      </datafield>
      <datafield tag="650" ind1=" " ind2="0">
         <subfield code="6">880-11</subfield>
         <subfield code="a">Smelting</subfield>
         <subfield code="z">China</subfield>
         <subfield code="z">Daye (Hubei Sheng).</subfield>
      </datafield>
      <datafield tag="650" ind1=" " ind2="0">
         <subfield code="6">880-12</subfield>
         <subfield code="a">Mines and mineral resources</subfield>
         <subfield code="z">China</subfield>
         <subfield code="z">Daye (Hubei Sheng).</subfield>
      </datafield>
      <datafield tag="650" ind1=" " ind2="7">
         <subfield code="a">Antiquities.</subfield>
         <subfield code="2">fast</subfield>
         <subfield code="0">(OCoLC)fst00810745</subfield>
      </datafield>
      <datafield tag="650" ind1=" " ind2="7">
         <subfield code="a">Excavations (Archaeology)</subfield>
         <subfield code="2">fast</subfield>
         <subfield code="0">(OCoLC)fst00917564</subfield>
      </datafield>
      <datafield tag="650" ind1=" " ind2="7">
         <subfield code="a">Mines and mineral resources.</subfield>
         <subfield code="2">fast</subfield>
         <subfield code="0">(OCoLC)fst01022541</subfield>
      </datafield>
      <datafield tag="650" ind1=" " ind2="7">
         <subfield code="a">Smelting.</subfield>
         <subfield code="2">fast</subfield>
         <subfield code="0">(OCoLC)fst01121577</subfield>
      </datafield>
      <datafield tag="651" ind1=" " ind2="7">
         <subfield code="a">China</subfield>
         <subfield code="z">Daye (Hubei Sheng)</subfield>
         <subfield code="2">fast</subfield>
         <subfield code="0">(OCoLC)fst01326825</subfield>
      </datafield>
      <datafield tag="710" ind1="2" ind2=" ">
         <subfield code="6">880-13</subfield>
         <subfield code="a">Zhongguo ren min zheng zhi xie shang hui yi.</subfield>
         <subfield code="b">Daye Shi wei yuan hui.</subfield>
      </datafield>
      <datafield tag="880" ind1="0" ind2="0">
         <subfield code="6">245-01/</subfield>
         <subfield code="a">中国青铜古都 :</subfield>
         <subfield code="b">大冶 /</subfield>
         <subfield code="c">政协大冶市委员会编.</subfield>
      </datafield>
      <datafield tag="880" ind1=" " ind2=" ">
         <subfield code="6">250-02/</subfield>
         <subfield code="a">第1版.</subfield>
      </datafield>
      <datafield tag="880" ind1=" " ind2=" ">
         <subfield code="6">260-03/</subfield>
         <subfield code="a">北京 :</subfield>
         <subfield code="b">文物出版社,</subfield>
         <subfield code="c">2010.</subfield>
      </datafield>
      <datafield tag="880" ind1=" " ind2=" ">
         <subfield code="6">520-04/</subfield>
         <subfield code="a">本书系大冶市政协为了迎接"中国黄石首届国际矿业文化旅游节"暨"中国青铜文化--大冶论坛 (2010)"所编撰，共收录了国内外专家，学者关于铜绿山古铜矿遗址的点评论述，这些文章在介绍铜绿山古铜矿遗址的发现与发掘的过程，探讨铜绿山古铜矿遗址的地位，价值的同时系统阐述了青铜文化的科学内涵, 本质属性, 形态特征, 历史渊源, 主要功能, 建设途径等. 本书是建国以来大冶市在国家文物出版社出版的第一本文化专著,</subfield>
      </datafield>
      <datafield tag="880" ind1="0" ind2="0">
         <subfield code="6">505-05/</subfield>
         <subfield code="g">文物保护和考古调查.</subfield>
         <subfield code="t">国务院关于湖北省大冶铜绿山古铜矿遗址保护方案的批复 /</subfield>
         <subfield code="r">中人民共和国国务院 --</subfield>
         <subfield code="t">铜绿山古铜矿遗址申请列入《世界文化遗产》预备清单 /</subfield>
         <subfield code="r">国家文物局 --</subfield>
         <subfield code="t">在国家文物事业管理局、湖北省人民政府奖励保护铜绿山古铜矿遗址有功单位、个人大会上的讲话 /</subfield>
         <subfield code="r">孙轶青 --</subfield>
         <subfield code="t">大冶境内古铜矿遗址的分布和发掘 /</subfield>
         <subfield code="r">黄石市博物馆 --</subfield>
         <subfield code="t">湖北铜绿山东周铜矿遗址发掘; 湖北铜绿山古铜矿再次发掘: 东周炼铜炉的发掘和炼铜模拟实验 /</subfield>
         <subfield code="r">中国社会科学院考古研究所铜绿山工作队 --</subfield>
         <subfield code="t">湖北铜绿山春秋战国古矿井遗址发掘简报 /</subfield>
         <subfield code="r">铜绿山考古发掘队 --</subfield>
         <subfield code="t">中国青铜时代的采掘炼铜技术: 湖北大冶铜绿山古铜矿遗址简介 /</subfield>
         <subfield code="r">黄石市博物馆</subfield>
      </datafield>
      <datafield tag="880" ind1="0" ind2="0">
         <subfield code="6">505-06/</subfield>
         <subfield code="g">专家学者点评研究.</subfield>
         <subfield code="t">专家学者点评铜绿山古铜矿遗址: 湖北铜绿山古铜矿 /</subfield>
         <subfield code="r">夏鼐, 殷玮璋 --</subfield>
         <subfield code="t">铜绿山古铜矿遗址发现的意义及在古史研究中的作用; 青铜器原料探谜: 铜绿山古铜矿的发现 /</subfield>
         <subfield code="r">殷玮璋 --</subfield>
         <subfield code="t">大冶铜绿山古铜矿的国属: 兼论上古产铜中心的变迁 /</subfield>
         <subfield code="r">张正明, 刘玉堂 --</subfield>
         <subfield code="t">商周王朝南进掠铜论 /</subfield>
         <subfield code="r">万全文 --</subfield>
         <subfield code="t">人类文明的科技之光: 大冶铜绿山古铜矿遗址 /</subfield>
         <subfield code="r">谭维四 --</subfield>
         <subfield code="t">中国矿冶第一驿: 大冶铜绿山古铜矿遗址 /</subfield>
         <subfield code="r">龚良 --</subfield>
         <subfield code="t">大冶铜绿山在商史研究中的地位 /</subfield>
         <subfield code="r">曲毅 --</subfield>
         <subfield code="t">铜绿山孔雀石的工艺性研究 /</subfield>
         <subfield code="r">胡承诚 --</subfield>
         <subfield code="t">从船形木斗功用探寻铜绿山古铜矿的黄金资源 /</subfield>
         <subfield code="r">吴琴英, 胡杨 --</subfield>
         <subfield code="t">青铜时代 /</subfield>
         <subfield code="r">曾纪鑫 --</subfield>
         <subfield code="t">回忆铜绿山古铜矿遗址发掘 /</subfield>
         <subfield code="r">黄花臣 --</subfield>
         <subfield code="t">回忆决策永久保护铜绿山古铜矿遗址的前前后后 /</subfield>
         <subfield code="r">周保权 --</subfield>
         <subfield code="t">历代各方对大冶铜(铁)的争夺初探 /</subfield>
         <subfield code="r">李贤浚 --</subfield>
      </datafield>
      <datafield tag="880" ind1="0" ind2="0">
         <subfield code="6">505-07/</subfield>
         <subfield code="t">铜绿山古铜矿粗铜去向分析研究 /</subfield>
         <subfield code="r">张国祥, 龚长根 --</subfield>
         <subfield code="t">大冶铜绿山古铜矿产铜约10万吨去向探析 /</subfield>
         <subfield code="r">邹天福 --</subfield>
         <subfield code="t">铜绿山古铜矿遗址生活区调研报告; 大冶先秦时期铜矿居民点浅析; 铜绿山古铜矿的生产安全与环保 /</subfield>
         <subfield code="r">余炳贤 --</subfield>
         <subfield code="t">铜绿山青铜文化的历史地位; 大冶青铜文化溯源 /</subfield>
         <subfield code="r">徐显之 --</subfield>
         <subfield code="t">大冶青铜文化研究中的"寻根"意识述评; --</subfield>
         <subfield code="t">给青铜文化史上的大冶戴上王冠 /</subfield>
         <subfield code="r">李雄安 --</subfield>
         <subfield code="t">大冶之火 /</subfield>
         <subfield code="r">吴晓梅等 --</subfield>
         <subfield code="t">铜绿山古铜矿的青铜之光 /</subfield>
         <subfield code="r">刘益善 --</subfield>
         <subfield code="t">铜草花: 记铜绿山古铜矿遗址 /</subfield>
         <subfield code="r">沈光华 --</subfield>
         <subfield code="t">大冶怎样做活青铜文化文章 /</subfield>
         <subfield code="r">万维加 --</subfield>
         <subfield code="t">建设中国青铜古都: 大冶的构想; 铜绿山古铜矿遗址大事记 /</subfield>
         <subfield code="r">张国祥</subfield>
      </datafield>
      <datafield tag="880" ind1="0" ind2="0">
         <subfield code="6">505-08/</subfield>
         <subfield code="g">历史渊源.</subfield>
         <subfield code="t">中国青铜文化的发展和特点 /</subfield>
         <subfield code="r">熊志红 --</subfield>
         <subfield code="t">何谓中国青铜文化(概要) /</subfield>
         <subfield code="r">万维加 --</subfield>
         <subfield code="t">大冶石龙头旧石器时代遗址简介 /</subfield>
         <subfield code="r">黄石市博物馆 --</subfield>
         <subfield code="t">大冶五里界古城简介; 大冶鄂王城简介; 大冶草王嘴古城简介; 大冶五里界古城、鄂王城、草王嘴古城与古铜矿采冶业关系推测 /</subfield>
         <subfield code="r">龚长根 --</subfield>
         <subfield code="t">大冶市建置沿革初录 /</subfield>
         <subfield code="r">方英杰 --</subfield>
         <subfield code="t">如何申报世界遗产: 积极推动铜绿山古铜矿遗址申报工作 /</subfield>
         <subfield code="r">龚长根.</subfield>
      </datafield>
      <datafield tag="880" ind1=" " ind2="4">
         <subfield code="6">651-09/</subfield>
         <subfield code="a">大冶 (Hubei Sheng, China)</subfield>
         <subfield code="x">Antiquities.</subfield>
      </datafield>
      <datafield tag="880" ind1=" " ind2="4">
         <subfield code="6">650-10/</subfield>
         <subfield code="a">Excavations (Archaeology)</subfield>
         <subfield code="z">China</subfield>
         <subfield code="z">大冶 (湖北省).</subfield>
      </datafield>
      <datafield tag="880" ind1=" " ind2="4">
         <subfield code="6">650-11/</subfield>
         <subfield code="a">Smelting</subfield>
         <subfield code="z">China</subfield>
         <subfield code="z">大冶 (湖北省).</subfield>
      </datafield>
      <datafield tag="880" ind1=" " ind2="4">
         <subfield code="6">650-12/</subfield>
         <subfield code="a">Mines and mineral resources</subfield>
         <subfield code="z">China</subfield>
         <subfield code="z">大冶 (湖北省).</subfield>
      </datafield>
      <datafield tag="880" ind1="2" ind2=" ">
         <subfield code="6">710-13/</subfield>
         <subfield code="a">中国人民政治协商会议.</subfield>
         <subfield code="b">大冶市委员会.</subfield>
      </datafield>
      <datafield tag="994" ind1=" " ind2=" ">
         <subfield code="a">Z0</subfield>
         <subfield code="b">ZYU</subfield>
      </datafield>
      <datafield tag="OWN" ind1=" " ind2=" ">
         <subfield code="a">GENERAL</subfield>
      </datafield>
      <datafield tag="AVA" ind1=" " ind2=" ">
         <subfield code="a">NYU50</subfield>
         <subfield code="b">NISAW</subfield>
         <subfield code="c">Small Collection</subfield>
         <subfield code="d">DS797.48.D39 Z466 2010</subfield>
         <subfield code="e">available</subfield>
         <subfield code="t">Available</subfield>
         <subfield code="f">1</subfield>
         <subfield code="g">0</subfield>
         <subfield code="h">N</subfield>
         <subfield code="i">0</subfield>
         <subfield code="j">SMALL</subfield>
         <subfield code="k">0</subfield>
      </datafield>
      <marc:datafield tag="852" ind1=" " ind2=" ">
         <marc:subfield code="b">Institute for the Study of the Ancient World, </marc:subfield>
         <marc:subfield code="c">Small Collection</marc:subfield>
         <marc:subfield code="e">15 East 84th St., </marc:subfield>
         <marc:subfield code="e">New York, NY  10028</marc:subfield>
      </marc:datafield>
   </record>