
  
  
  
  
  
 
  
  <record xsi:schemaLocation="http://www.loc.gov/MARC21/slim http://www.loc.gov/standards/marcxml/schema/MARC21slim.xsd">
      <leader>00000cam  2200505 i 4500</leader>
      <controlfield tag="FMT">BK</controlfield>
      <controlfield tag="LDR">00000cam  2200505 i 4500</controlfield>
      <controlfield tag="001">004143260</controlfield>
      <controlfield tag="003">OCoLC</controlfield>
      <controlfield tag="005">20150713152803.0</controlfield>
      <controlfield tag="008">150528t20142014fr ab    b    101 0 fre d</controlfield>
      <datafield tag="020" ind1=" " ind2=" ">
         <subfield code="a">9782913667402 (pbk.)</subfield>
      </datafield>
      <datafield tag="020" ind1=" " ind2=" ">
         <subfield code="a">2913667406 (pbk.)</subfield>
      </datafield>
      <datafield tag="035" ind1=" " ind2=" ">
         <subfield code="a">(OCoLC)902616386</subfield>
      </datafield>
      <datafield tag="040" ind1=" " ind2=" ">
         <subfield code="a">AUXAM</subfield>
         <subfield code="b">eng</subfield>
         <subfield code="e">rda</subfield>
         <subfield code="c">AUXAM</subfield>
         <subfield code="d">OCLCO</subfield>
         <subfield code="d">COO</subfield>
         <subfield code="d">OCLCO</subfield>
         <subfield code="d">CUY</subfield>
         <subfield code="d">OCLCF</subfield>
         <subfield code="d">CGU</subfield>
         <subfield code="d">OCLCA</subfield>
         <subfield code="d">NNU</subfield>
      </datafield>
      <datafield tag="041" ind1="0" ind2=" ">
         <subfield code="a">fre</subfield>
         <subfield code="a">ger</subfield>
      </datafield>
      <datafield tag="043" ind1=" " ind2=" ">
         <subfield code="a">a-sy---</subfield>
         <subfield code="a">aw-----</subfield>
         <subfield code="a">a-ir---</subfield>
      </datafield>
      <datafield tag="050" ind1=" " ind2="4">
         <subfield code="a">DS96.2</subfield>
         <subfield code="b">.P764 2014</subfield>
      </datafield>
      <datafield tag="245" ind1="0" ind2="3">
         <subfield code="a">Le projet politique d'Antiochos IV :</subfield>
         <subfield code="b">journées d'études franco-allemandes, Nancy, 17-19 juin 2013 /</subfield>
         <subfield code="c">Chr. Feyel, L. Graslin-Thomé.</subfield>
      </datafield>
      <datafield tag="264" ind1=" " ind2="1">
         <subfield code="a">Nancy :</subfield>
         <subfield code="b">A.D.R.A.,</subfield>
         <subfield code="c">2014.</subfield>
      </datafield>
      <datafield tag="300" ind1=" " ind2=" ">
         <subfield code="a">492 pages :</subfield>
         <subfield code="b">illustrations ;</subfield>
         <subfield code="c">24 cm.</subfield>
      </datafield>
      <datafield tag="336" ind1=" " ind2=" ">
         <subfield code="a">text</subfield>
         <subfield code="b">txt</subfield>
         <subfield code="2">rdacontent</subfield>
      </datafield>
      <datafield tag="337" ind1=" " ind2=" ">
         <subfield code="a">unmediated</subfield>
         <subfield code="b">n</subfield>
         <subfield code="2">rdamedia</subfield>
      </datafield>
      <datafield tag="338" ind1=" " ind2=" ">
         <subfield code="a">volume</subfield>
         <subfield code="b">nc</subfield>
         <subfield code="2">rdacarrier</subfield>
      </datafield>
      <datafield tag="490" ind1="1" ind2=" ">
         <subfield code="a">Études anciennes ;</subfield>
         <subfield code="v">56</subfield>
      </datafield>
      <datafield tag="490" ind1="1" ind2=" ">
         <subfield code="a">Études nancéennes d'histoire grecque ;</subfield>
         <subfield code="v">II</subfield>
      </datafield>
      <datafield tag="504" ind1=" " ind2=" ">
         <subfield code="a">Includes bibliographical references (pages [447]-483) and indexes.</subfield>
      </datafield>
      <datafield tag="546" ind1=" " ind2=" ">
         <subfield code="a">Contributions in French and German.</subfield>
      </datafield>
      <datafield tag="520" ind1=" " ind2=" ">
         <subfield code="a">Les journées d'études franco-allemandes organisées à Nancy entre le 17 et le 19 juin 2013 par Chr. Feyel, L. Graslin Thomé, Chr. Mileta et P. F. Mittag ont permis d'étudier à nouveau le règne, court mais important, d'Antiochos IV (175-164/3). Pour apprécier ce règne dans toute son originalité, il faut prendre en compte des sources de nature très diverse - épigraphie, numismatique, philologie, papyrologie grecques, mais aussi assyriologie et études bibliques. Cette rencontre nancéenne a donc rassemblé des spécialistes issus de ces différentes disciplines.</subfield>
         <subfield code="c">Back cover.</subfield>
      </datafield>
      <datafield tag="505" ind1="0" ind2="0">
         <subfield code="t">Avant-propos /</subfield>
         <subfield code="r">Chr. Feyel, L. Graslin-Thomé, P.F. Mittag --</subfield>
         <subfield code="t">Antiochos IV, un réformateur méconnu du royaume séleucide? /</subfield>
         <subfield code="r">Chr. Feyel, L. Graslin-Thomé.</subfield>
         <subfield code="g">Partie I.</subfield>
         <subfield code="t">Un souverain énigmatique?</subfield>
         <subfield code="t">Antiochos le fou ou Antiochos le bienheureux? Quelques remarques sur les fragments do Polybe et de Diodore /</subfield>
         <subfield code="r">P. Goukowsky --</subfield>
         <subfield code="t">L'ami princier de la plus démocratique des cités : Antiochos IV, Athènes et Délos à la lumière du nouveau recueil des décrets attiques (IG II3 1, 5) /</subfield>
         <subfield code="r">D. Knoepfler --</subfield>
         <subfield code="t">Die diplomatische Beziehungen zwischen : Antiochos und Rom /</subfield>
         <subfield code="r">P.F. Mittag --</subfield>
         <subfield code="t">Antiochos IV. und der Blick nach Rom</subfield>
         <subfield code="r">J. Bernhardt.</subfield>
         <subfield code="g">Partie II.</subfield>
         <subfield code="t">Les réformes structurelles.</subfield>
         <subfield code="t">Seleukos IV. Eupator : ein zu normaler Herrscher? /</subfield>
         <subfield code="r">Chr. Mileta --</subfield>
         <subfield code="t">Une réforme de l'armée séleucide sous Antiochos IV /</subfield>
         <subfield code="r">J.-C. Couvenhes --</subfield>
         <subfield code="t">Est-il facile de conquérir l'Égypte? L'invasion d'Antiochos IV et ses consequences /</subfield>
         <subfield code="r">Chr. Fischer-Bovet --</subfield>
         <subfield code="t">Le système monétaire et pondéral d'Antiochos IV à Jérusalem à la lumière des relations entre rois et temples aux époques perse et hellénistique (Babylonie, Judée, Égypte) /</subfield>
         <subfield code="r">C. Doyen, G. Gorre et S. Honigman.</subfield>
         <subfield code="g">Partie III.</subfield>
         <subfield code="t">La diversité des réactions locales.</subfield>
         <subfield code="t">Réprimer, pacifier ou persécuter? La gestion des minorités durant la crise maccabéenne d'après le dossier des mesures d'amnistie d'Antiochos IV et d'Antiochos V /</subfield>
         <subfield code="r">M.-Fr. Baslez --</subfield>
         <subfield code="t">Antiochos IV en Susiane, dans le Golfe persique et en Élymaïde /</subfield>
         <subfield code="r">L. Martinez-Sève --</subfield>
         <subfield code="t">Antiochos IV et le royaume de Médie Atropatène : nouvelles considérations sur un mariage dynastique entre les Séleucides et la maison d'Atropatès /</subfield>
         <subfield code="r">O. Coloru --</subfield>
         <subfield code="t">Antiochos IV dans les sources babyloniennes /</subfield>
         <subfield code="r">Ph. Clancier -- Conclusions /</subfield>
         <subfield code="r">Fr. Joannès.</subfield>
      </datafield>
      <datafield tag="600" ind1="0" ind2="0">
         <subfield code="a">Antiochus</subfield>
         <subfield code="b">IV,</subfield>
         <subfield code="c">King of Syria,</subfield>
         <subfield code="d">approximately 215 B.C.-164 B.C.</subfield>
         <subfield code="v">Congresses.</subfield>
      </datafield>
      <datafield tag="650" ind1=" " ind2="0">
         <subfield code="a">Seleucids</subfield>
         <subfield code="v">Congresses.</subfield>
      </datafield>
      <datafield tag="651" ind1=" " ind2="0">
         <subfield code="a">Syria</subfield>
         <subfield code="x">History</subfield>
         <subfield code="y">333 B.C.-634 A.D.</subfield>
         <subfield code="v">Congresses.</subfield>
      </datafield>
      <datafield tag="600" ind1="0" ind2="7">
         <subfield code="a">Antiochus</subfield>
         <subfield code="b">IV,</subfield>
         <subfield code="c">King of Syria,</subfield>
         <subfield code="d">approximately 215 B.C.-164 B.C.</subfield>
         <subfield code="2">fast</subfield>
         <subfield code="0">(OCoLC)fst01804867</subfield>
      </datafield>
      <datafield tag="650" ind1=" " ind2="7">
         <subfield code="a">Seleucids.</subfield>
         <subfield code="2">fast</subfield>
         <subfield code="0">(OCoLC)fst01111439</subfield>
      </datafield>
      <datafield tag="651" ind1=" " ind2="7">
         <subfield code="a">Syria.</subfield>
         <subfield code="2">fast</subfield>
         <subfield code="0">(OCoLC)fst01208757</subfield>
      </datafield>
      <datafield tag="648" ind1=" " ind2="7">
         <subfield code="a">333 B.C. - 634 A.D.</subfield>
         <subfield code="2">fast</subfield>
      </datafield>
      <datafield tag="655" ind1=" " ind2="7">
         <subfield code="a">Conference proceedings.</subfield>
         <subfield code="2">fast</subfield>
         <subfield code="0">(OCoLC)fst01423772</subfield>
      </datafield>
      <datafield tag="655" ind1=" " ind2="7">
         <subfield code="a">History.</subfield>
         <subfield code="2">fast</subfield>
         <subfield code="0">(OCoLC)fst01411628</subfield>
      </datafield>
      <datafield tag="700" ind1="1" ind2=" ">
         <subfield code="a">Feyel, Christophe</subfield>
         <subfield code="e">editor.</subfield>
      </datafield>
      <datafield tag="700" ind1="1" ind2=" ">
         <subfield code="a">Graslin-Thomé, Laetitia</subfield>
         <subfield code="e">editor.</subfield>
      </datafield>
      <datafield tag="830" ind1=" " ind2="0">
         <subfield code="a">Études anciennes.</subfield>
         <subfield code="p">Études nancéennes d'histoire grecque ;</subfield>
         <subfield code="v">2.</subfield>
      </datafield>
      <datafield tag="830" ind1=" " ind2="0">
         <subfield code="a">Etudes anciennes ;</subfield>
         <subfield code="v">56.</subfield>
      </datafield>
      <datafield tag="994" ind1=" " ind2=" ">
         <subfield code="a">Z0</subfield>
         <subfield code="b">ZYU</subfield>
      </datafield>
      <datafield tag="OWN" ind1=" " ind2=" ">
         <subfield code="a">GENERAL</subfield>
      </datafield>
      <datafield tag="AVA" ind1=" " ind2=" ">
         <subfield code="a">NYU50</subfield>
         <subfield code="b">BOBST</subfield>
         <subfield code="c">Main Collection</subfield>
         <subfield code="e">unavailable</subfield>
         <subfield code="t">Unavailable</subfield>
         <subfield code="f">1</subfield>
         <subfield code="g">1</subfield>
         <subfield code="h">N</subfield>
         <subfield code="i">0</subfield>
         <subfield code="j">MAIN</subfield>
         <subfield code="k">0</subfield>
      </datafield>
      <datafield tag="AVA" ind1=" " ind2=" ">
         <subfield code="a">NYU50</subfield>
         <subfield code="b">NISAW</subfield>
         <subfield code="c">Small Collection</subfield>
         <subfield code="d">DS96.2 .P764 2014</subfield>
         <subfield code="e">available</subfield>
         <subfield code="t">Available</subfield>
         <subfield code="f">1</subfield>
         <subfield code="g">0</subfield>
         <subfield code="h">N</subfield>
         <subfield code="i">0</subfield>
         <subfield code="j">SMALL</subfield>
         <subfield code="k">0</subfield>
      </datafield>
      <marc:datafield tag="852" ind1=" " ind2=" ">
         <marc:subfield code="b">Institute for the Study of the Ancient World, </marc:subfield>
         <marc:subfield code="c">Small Collection</marc:subfield>
         <marc:subfield code="e">15 East 84th St., </marc:subfield>
         <marc:subfield code="e">New York, NY  10028</marc:subfield>
      </marc:datafield>
   </record>