
  
  
  
  
  
 
  
  <record xsi:schemaLocation="http://www.loc.gov/MARC21/slim http://www.loc.gov/standards/marcxml/schema/MARC21slim.xsd">
      <leader>00000cam  2200577 i 4500</leader>
      <controlfield tag="FMT">BK</controlfield>
      <controlfield tag="LDR">00000cam  2200577 i 4500</controlfield>
      <controlfield tag="001">004159602</controlfield>
      <controlfield tag="003">OCoLC</controlfield>
      <controlfield tag="005">20150714110849.0</controlfield>
      <controlfield tag="008">150714s2013    cc af    b    000 0 chi d</controlfield>
      <datafield tag="020" ind1=" " ind2=" ">
         <subfield code="a">9787030367914</subfield>
      </datafield>
      <datafield tag="020" ind1=" " ind2=" ">
         <subfield code="a">703036791X</subfield>
      </datafield>
      <datafield tag="035" ind1=" " ind2=" ">
         <subfield code="a">(OCoLC)842137620</subfield>
      </datafield>
      <datafield tag="040" ind1=" " ind2=" ">
         <subfield code="a">CNPIT</subfield>
         <subfield code="b">eng</subfield>
         <subfield code="e">rda</subfield>
         <subfield code="c">CNPIT</subfield>
         <subfield code="d">OCLCQ</subfield>
         <subfield code="d">HUA</subfield>
         <subfield code="d">OCLCO</subfield>
         <subfield code="d">JPG</subfield>
         <subfield code="d">ZYU</subfield>
         <subfield code="d">NNU</subfield>
      </datafield>
      <datafield tag="041" ind1="0" ind2=" ">
         <subfield code="a">chi</subfield>
         <subfield code="b">eng</subfield>
      </datafield>
      <datafield tag="043" ind1=" " ind2=" ">
         <subfield code="a">a-cc-lp</subfield>
      </datafield>
      <datafield tag="050" ind1=" " ind2="4">
         <subfield code="a">GN70.7.C6</subfield>
         <subfield code="b">C46 2013</subfield>
      </datafield>
      <datafield tag="066" ind1=" " ind2=" ">
         <subfield code="c">$1</subfield>
      </datafield>
      <datafield tag="100" ind1="1" ind2=" ">
         <subfield code="6">880-01</subfield>
         <subfield code="a">Chen, Shan.</subfield>
      </datafield>
      <datafield tag="245" ind1="1" ind2="0">
         <subfield code="6">880-02</subfield>
         <subfield code="a">Lamadong mu di san Yan wen hua ju min ren gu yan jiu /</subfield>
         <subfield code="c">Chen Shan zhu = A research on human skeletons of residents with San-Yan culture in Lamadong graveyard / by Chen Shan.</subfield>
      </datafield>
      <datafield tag="246" ind1="3" ind2="1">
         <subfield code="a">Research on human skeletons of residents with San-Yan culture in Lamadong graveyard</subfield>
      </datafield>
      <datafield tag="250" ind1=" " ind2=" ">
         <subfield code="6">880-03</subfield>
         <subfield code="a">Di yi ban.</subfield>
      </datafield>
      <datafield tag="264" ind1=" " ind2="1">
         <subfield code="6">880-04</subfield>
         <subfield code="a">Beijing :</subfield>
         <subfield code="b">Ke xue chu ban she,</subfield>
         <subfield code="c">2013.</subfield>
      </datafield>
      <datafield tag="300" ind1=" " ind2=" ">
         <subfield code="a">iv, 254 pages, 8 pages of plates :</subfield>
         <subfield code="b">illustrations ;</subfield>
         <subfield code="c">25 cm</subfield>
      </datafield>
      <datafield tag="336" ind1=" " ind2=" ">
         <subfield code="a">text</subfield>
         <subfield code="b">txt</subfield>
         <subfield code="2">rdacontent</subfield>
      </datafield>
      <datafield tag="337" ind1=" " ind2=" ">
         <subfield code="a">unmediated</subfield>
         <subfield code="b">n</subfield>
         <subfield code="2">rdamedia</subfield>
      </datafield>
      <datafield tag="338" ind1=" " ind2=" ">
         <subfield code="a">volume</subfield>
         <subfield code="b">nc</subfield>
         <subfield code="2">rdacarrier</subfield>
      </datafield>
      <datafield tag="500" ind1=" " ind2=" ">
         <subfield code="6">880-05</subfield>
         <subfield code="a">"Jilin da xue bian jiang kao gu yan jiu zhong xin xi lie xue shu zhu zuo"--Cover.</subfield>
      </datafield>
      <datafield tag="504" ind1=" " ind2=" ">
         <subfield code="a">Includes bibliographical references (pages 159-165).</subfield>
      </datafield>
      <datafield tag="546" ind1=" " ind2=" ">
         <subfield code="a">Abstract in English.</subfield>
      </datafield>
      <datafield tag="520" ind1=" " ind2=" ">
         <subfield code="6">880-06</subfield>
         <subfield code="a">Ben shu shi dui chu tu yu Liaoning Sheng Chaoyang Beipiao Lamadong mu di de Sanyan wen hua ren gu jing xing ti zhi ren lei xue fen xi de yan jiu bao gao, fen bie dui Lamadong Sanyan wen hua ju min de xing bie, nian ling ji ren kou xue fang mian, lu go fei ce liang xing zhuang fang mian, lu gu ce liang xing zhuang fang mian, zhong zu lei xing fang mian, shen gao fang mian, gu bing li xue fang mian deng jin xing le xiang xi de jie shao he yan jiu, wei geng quan mian de liao jie Lamadong mu di ju min ti gong le xiang xi de zi liao, bing jie he dui yu Lamadong Sanyan wen hua ju min de ti zhi fang mian de ren shi, tao lun le qi zu shu de ke neng xing, she hui jiao se ji sheng shuo fang mian de wen ti, bing wei Lamadong mu zang de shen ru yan jiu ti gong le ren lei xue de xin xi.</subfield>
      </datafield>
      <datafield tag="650" ind1=" " ind2="0">
         <subfield code="6">880-07</subfield>
         <subfield code="a">Human remains (Archaeology)</subfield>
         <subfield code="z">China</subfield>
         <subfield code="z">Beipiao Shi.</subfield>
      </datafield>
      <datafield tag="650" ind1=" " ind2="0">
         <subfield code="6">880-08</subfield>
         <subfield code="a">Excavations (Archaeology)</subfield>
         <subfield code="z">China</subfield>
         <subfield code="z">Beipiao Shi.</subfield>
      </datafield>
      <datafield tag="650" ind1=" " ind2="0">
         <subfield code="6">880-09</subfield>
         <subfield code="a">Mongoloid race</subfield>
         <subfield code="z">China</subfield>
         <subfield code="z">Beipiao Shi.</subfield>
      </datafield>
      <datafield tag="651" ind1=" " ind2="0">
         <subfield code="6">880-10</subfield>
         <subfield code="a">Lamadong Tombs (China)</subfield>
      </datafield>
      <datafield tag="880" ind1="1" ind2=" ">
         <subfield code="6">100-01/</subfield>
         <subfield code="a">陈山.</subfield>
      </datafield>
      <datafield tag="880" ind1="1" ind2="0">
         <subfield code="6">245-02/</subfield>
         <subfield code="a">喇嘛洞墓地三燕文化居民人骨研究 /</subfield>
         <subfield code="c">陈山著 = A research on human skeletons of residents with San-Yan culture in Lamadong graveyard / by Chen Shan.</subfield>
      </datafield>
      <datafield tag="880" ind1=" " ind2=" ">
         <subfield code="6">250-03/</subfield>
         <subfield code="a">第一版.</subfield>
      </datafield>
      <datafield tag="880" ind1=" " ind2="1">
         <subfield code="6">264-04/</subfield>
         <subfield code="a">北京 :</subfield>
         <subfield code="b">科学出版社,</subfield>
         <subfield code="c">2013.</subfield>
      </datafield>
      <datafield tag="880" ind1=" " ind2=" ">
         <subfield code="6">500-05/</subfield>
         <subfield code="a">"吉林大学边疆考古研究中心系列学术著作"--Cover.</subfield>
      </datafield>
      <datafield tag="880" ind1=" " ind2=" ">
         <subfield code="6">520-06/</subfield>
         <subfield code="a">本书是对出土于辽宁省朝阳北票喇嘛洞墓地的三燕文化人骨进行体质人类学分析的研究报告，分别对喇嘛洞三燕文化居民的性别、年龄及人口学方面、颅骨非测量性状方面、颅骨测量性状方面、种族类型方面、身高方面、古病理学方面等进行了详细的介绍和研究，为更全面地了解喇嘛洞墓地居民提供了详细的资料，并结合对于喇嘛洞三燕文化居民的体质方面的认识，讨论了其族属的可能性、社会角色及生活方面的问题，并为喇嘛洞墓葬的深入研究提供了人类学的信息。</subfield>
      </datafield>
      <datafield tag="880" ind1=" " ind2="4">
         <subfield code="6">650-07/</subfield>
         <subfield code="a">Human remains (Archaeology)</subfield>
         <subfield code="z">China</subfield>
         <subfield code="z">北票市.</subfield>
      </datafield>
      <datafield tag="880" ind1=" " ind2="4">
         <subfield code="6">650-08/</subfield>
         <subfield code="a">Excavations (Archaeology)</subfield>
         <subfield code="z">China</subfield>
         <subfield code="z">北票市.</subfield>
      </datafield>
      <datafield tag="880" ind1=" " ind2="4">
         <subfield code="6">650-09/</subfield>
         <subfield code="a">Mongoloid race</subfield>
         <subfield code="z">China</subfield>
         <subfield code="z">北票市.</subfield>
      </datafield>
      <datafield tag="880" ind1=" " ind2="4">
         <subfield code="6">651-10/</subfield>
         <subfield code="a">喇嘛洞墓地 (中国)</subfield>
      </datafield>
      <datafield tag="994" ind1=" " ind2=" ">
         <subfield code="a">Z0</subfield>
         <subfield code="b">ZYU</subfield>
      </datafield>
      <datafield tag="OWN" ind1=" " ind2=" ">
         <subfield code="a">GENERAL</subfield>
      </datafield>
      <datafield tag="AVA" ind1=" " ind2=" ">
         <subfield code="a">NYU50</subfield>
         <subfield code="b">NISAW</subfield>
         <subfield code="c">Small Collection</subfield>
         <subfield code="d">GN70.7.C6 C46 2013</subfield>
         <subfield code="e">available</subfield>
         <subfield code="t">Available</subfield>
         <subfield code="f">1</subfield>
         <subfield code="g">0</subfield>
         <subfield code="h">N</subfield>
         <subfield code="i">0</subfield>
         <subfield code="j">SMALL</subfield>
         <subfield code="k">0</subfield>
      </datafield>
      <marc:datafield tag="852" ind1=" " ind2=" ">
         <marc:subfield code="b">Institute for the Study of the Ancient World, </marc:subfield>
         <marc:subfield code="c">Small Collection</marc:subfield>
         <marc:subfield code="e">15 East 84th St., </marc:subfield>
         <marc:subfield code="e">New York, NY  10028</marc:subfield>
      </marc:datafield>
   </record>