
  
  
  
  
 
  
  <record xsi:schemaLocation="http://www.loc.gov/MARC21/slim http://www.loc.gov/standards/marcxml/schema/MARC21slim.xsd">
      <leader>00000cam  2200325 a 4500</leader>
      <controlfield tag="FMT">BK</controlfield>
      <controlfield tag="LDR">00000cam  2200325 a 4500</controlfield>
      <controlfield tag="001">004159645</controlfield>
      <controlfield tag="003">OCoLC</controlfield>
      <controlfield tag="005">20150714123025.0</controlfield>
      <controlfield tag="008">150714s2002    ru abe   b    000 0 rus d</controlfield>
      <datafield tag="016" ind1="7" ind2=" ">
         <subfield code="a">013410687</subfield>
         <subfield code="2">Uk</subfield>
      </datafield>
      <datafield tag="020" ind1=" " ind2=" ">
         <subfield code="a">5935720760</subfield>
      </datafield>
      <datafield tag="020" ind1=" " ind2=" ">
         <subfield code="a">9785935720766</subfield>
      </datafield>
      <datafield tag="035" ind1=" " ind2=" ">
         <subfield code="a">(OCoLC)500500785</subfield>
      </datafield>
      <datafield tag="040" ind1=" " ind2=" ">
         <subfield code="a">UKMGB</subfield>
         <subfield code="b">eng</subfield>
         <subfield code="c">UKMGB</subfield>
         <subfield code="d">OCLCO</subfield>
         <subfield code="d">NNU</subfield>
      </datafield>
      <datafield tag="041" ind1="0" ind2=" ">
         <subfield code="a">rus</subfield>
         <subfield code="b">eng</subfield>
      </datafield>
      <datafield tag="043" ind1=" " ind2=" ">
         <subfield code="a">a-kg---</subfield>
      </datafield>
      <datafield tag="050" ind1=" " ind2="4">
         <subfield code="a">DK919.5.S89</subfield>
         <subfield code="b">S85 2002</subfield>
      </datafield>
      <datafield tag="066" ind1=" " ind2=" ">
         <subfield code="c">(N</subfield>
      </datafield>
      <datafield tag="245" ind1="0" ind2="0">
         <subfield code="6">880-01</subfield>
         <subfield code="a">Sui͡ab Ak-Beshim /</subfield>
         <subfield code="c">[nauchnai͡a redkollegii͡a ... M.B.Piotrovskiĭ, G.V.Vilinbakhov ... i dr.].</subfield>
      </datafield>
      <datafield tag="260" ind1=" " ind2=" ">
         <subfield code="6">880-02</subfield>
         <subfield code="a">Sankt-Peterburg :</subfield>
         <subfield code="b">Gosudarstvennyĭ Ėrmitazh,</subfield>
         <subfield code="c">2002.</subfield>
      </datafield>
      <datafield tag="300" ind1=" " ind2=" ">
         <subfield code="a">174 p.</subfield>
         <subfield code="b">ill., maps, plans ;</subfield>
         <subfield code="c">22 cm.</subfield>
      </datafield>
      <datafield tag="490" ind1="1" ind2=" ">
         <subfield code="6">880-03</subfield>
         <subfield code="a">Arkheologicheskie ėkspedit͡sii Gosudarstvennogo Ėrmitazha</subfield>
      </datafield>
      <datafield tag="500" ind1=" " ind2=" ">
         <subfield code="6">880-04</subfield>
         <subfield code="a">At head of title: Gosudarstvennyĭ Ėrmitazh (Rossii͡a). Institut istorii NAN Kyrgystana.</subfield>
      </datafield>
      <datafield tag="504" ind1=" " ind2=" ">
         <subfield code="a">Includes bibliographical references.</subfield>
      </datafield>
      <datafield tag="505" ind1="0" ind2="0">
         <subfield code="t">Istorii͡a arkheologicheskogo izuchenii͡a Ak-Beshima /</subfield>
         <subfield code="r">G.L. Semenov --</subfield>
         <subfield code="t">Raskopki 1996-1998 gg. /</subfield>
         <subfield code="r">G.L. Semenov --</subfield>
         <subfield code="t">Svedenii͡a kitaĭskikh pis'mennykh istochnikov o Sui͡abe (gorodishe Ak-Beshim) /</subfield>
         <subfield code="r">E.I. Lubo-Lesnichenko --</subfield>
         <subfield code="t">Sogdiĭskai͡a nadpis' na venchike khuma iz Ak-Beshima /</subfield>
         <subfield code="r">V.A. Livshit͡s --</subfield>
         <subfield code="t">Drevneti͡urkskie runicheskie nadpisi na T͡sentral'nom Ti͡an'-Shane /</subfield>
         <subfield code="r">S.G. Kli͡ashmornyĭ --</subfield>
         <subfield code="t">Kompleks zheleznykh izdeliĭ ob"ekta VIII /</subfield>
         <subfield code="r">A.V. Bekhmer --</subfield>
         <subfield code="t">Pod"emnyĭ numizmaticheskiĭ material s AK-Beshimskogo gorodishcha /</subfield>
         <subfield code="r">A.M. Kamyshev --</subfield>
         <subfield code="t">Nadpisi na monetakh s gorodishcha Ak-Beshim /</subfield>
         <subfield code="r">V.A. Livshit͡s.</subfield>
      </datafield>
      <datafield tag="546" ind1=" " ind2=" ">
         <subfield code="a">Summaries in English.</subfield>
      </datafield>
      <datafield tag="650" ind1=" " ind2="0">
         <subfield code="a">Excavations (Archaeology)</subfield>
         <subfield code="z">Kyrgystan</subfield>
         <subfield code="z">Ak-Beshim.</subfield>
      </datafield>
      <datafield tag="651" ind1=" " ind2="0">
         <subfield code="a">Kyrgystan</subfield>
         <subfield code="x">Antiques.</subfield>
      </datafield>
      <datafield tag="651" ind1=" " ind2="0">
         <subfield code="a">Ak-Beshim (Kyrgystan)</subfield>
         <subfield code="x">Antiquities.</subfield>
      </datafield>
      <datafield tag="651" ind1=" " ind2="0">
         <subfield code="a">Suyab (Extinct city)</subfield>
      </datafield>
      <datafield tag="700" ind1="1" ind2=" ">
         <subfield code="a">Piotrovskiĭ, M. B.</subfield>
         <subfield code="q">(Mikhail Borisovich)</subfield>
         <subfield code="e">editor.</subfield>
      </datafield>
      <datafield tag="700" ind1="1" ind2=" ">
         <subfield code="a">Vilinbakhov, G.</subfield>
         <subfield code="q">(Georgiĭ)</subfield>
         <subfield code="e">editor.</subfield>
      </datafield>
      <datafield tag="710" ind1="2" ind2=" ">
         <subfield code="a">Gosudarstvennyĭ Ėrmitazh (Russia)</subfield>
      </datafield>
      <datafield tag="880" ind1="0" ind2="0">
         <subfield code="6">245-01/</subfield>
         <subfield code="a">Суяб Ак-Бешим /</subfield>
         <subfield code="b">[научная редколлегия ... М.Б.Пиотровский, Г.В.Вилинбахов ... и др.]</subfield>
      </datafield>
      <datafield tag="880" ind1=" " ind2=" ">
         <subfield code="6">260-02/</subfield>
         <subfield code="a">Санкт-Петербург :</subfield>
         <subfield code="b">Государственный Эрмитаж,</subfield>
         <subfield code="c">2002.</subfield>
      </datafield>
      <datafield tag="880" ind1="1" ind2=" ">
         <subfield code="6">490-03/</subfield>
         <subfield code="a">Археологические экспедиции Государственного Эрмитажа</subfield>
      </datafield>
      <datafield tag="880" ind1=" " ind2=" ">
         <subfield code="6">500-04/</subfield>
         <subfield code="a">At head of title: Государственный Эрмитаж (Россия). Институт истории НАН Кыргыстана.</subfield>
      </datafield>
      <datafield tag="830" ind1=" " ind2="0">
         <subfield code="a">Arkheologicheskie ėkspedit͡sii Gosudarstvennogo Ėrmitazha.</subfield>
      </datafield>
      <datafield tag="994" ind1=" " ind2=" ">
         <subfield code="a">Z0</subfield>
         <subfield code="b">ZYU</subfield>
      </datafield>
      <datafield tag="OWN" ind1=" " ind2=" ">
         <subfield code="a">GENERAL</subfield>
      </datafield>
      <datafield tag="AVA" ind1=" " ind2=" ">
         <subfield code="a">NYU50</subfield>
         <subfield code="b">NISAW</subfield>
         <subfield code="c">Small Collection</subfield>
         <subfield code="d">DK919.5.S89 S85 2002</subfield>
         <subfield code="e">available</subfield>
         <subfield code="t">Available</subfield>
         <subfield code="f">1</subfield>
         <subfield code="g">0</subfield>
         <subfield code="h">N</subfield>
         <subfield code="i">0</subfield>
         <subfield code="j">SMALL</subfield>
         <subfield code="k">0</subfield>
      </datafield>
      <marc:datafield tag="852" ind1=" " ind2=" ">
         <marc:subfield code="b">Institute for the Study of the Ancient World, </marc:subfield>
         <marc:subfield code="c">Small Collection</marc:subfield>
         <marc:subfield code="e">15 East 84th St., </marc:subfield>
         <marc:subfield code="e">New York, NY  10028</marc:subfield>
      </marc:datafield>
   </record>