
  
  
  
  
  
  
 
  
  <record xsi:schemaLocation="http://www.loc.gov/MARC21/slim http://www.loc.gov/standards/marcxml/schema/MARC21slim.xsd">
      <leader>00000cam  2200745 a 4500</leader>
      <controlfield tag="FMT">BK</controlfield>
      <controlfield tag="LDR">00000cam  2200745 a 4500</controlfield>
      <controlfield tag="001">004160017</controlfield>
      <controlfield tag="003">OCoLC</controlfield>
      <controlfield tag="005">20150715144025.0</controlfield>
      <controlfield tag="008">150715s2003    ctuabf   b    000 0 eng d</controlfield>
      <datafield tag="015" ind1=" " ind2=" ">
         <subfield code="a">GBA3X3321</subfield>
         <subfield code="2">bnb</subfield>
      </datafield>
      <datafield tag="020" ind1=" " ind2=" ">
         <subfield code="a">9780300099201</subfield>
         <subfield code="q">(pbk.)</subfield>
      </datafield>
      <datafield tag="020" ind1=" " ind2=" ">
         <subfield code="a">0300099207</subfield>
         <subfield code="q">(pbk.)</subfield>
      </datafield>
      <datafield tag="035" ind1=" " ind2=" ">
         <subfield code="a">(OCoLC)53923240</subfield>
         <subfield code="z">(OCoLC)52232427</subfield>
      </datafield>
      <datafield tag="040" ind1=" " ind2=" ">
         <subfield code="a">NXW</subfield>
         <subfield code="b">eng</subfield>
         <subfield code="c">NXW</subfield>
         <subfield code="d">UMC</subfield>
         <subfield code="d">OCLCQ</subfield>
         <subfield code="d">UKM</subfield>
         <subfield code="d">IQU</subfield>
         <subfield code="d">DRB</subfield>
         <subfield code="d">OCLCG</subfield>
         <subfield code="d">XBE</subfield>
         <subfield code="d">XL4</subfield>
         <subfield code="d">DEBBG</subfield>
         <subfield code="d">S4S</subfield>
         <subfield code="d">YDXCP</subfield>
         <subfield code="d">ELW</subfield>
         <subfield code="d">BDX</subfield>
         <subfield code="d">OCLCF</subfield>
         <subfield code="d">OCLCA</subfield>
         <subfield code="d">OCLCQ</subfield>
         <subfield code="d">OCLCO</subfield>
         <subfield code="d">NNU</subfield>
      </datafield>
      <datafield tag="041" ind1="1" ind2=" ">
         <subfield code="a">eng</subfield>
         <subfield code="h">egy</subfield>
      </datafield>
      <datafield tag="043" ind1=" " ind2=" ">
         <subfield code="a">f-ua---</subfield>
      </datafield>
      <datafield tag="050" ind1=" " ind2="4">
         <subfield code="a">PJ1943</subfield>
         <subfield code="b">.L57 2003a</subfield>
      </datafield>
      <datafield tag="082" ind1="0" ind2="4">
         <subfield code="a">893.108</subfield>
         <subfield code="2">21</subfield>
      </datafield>
      <datafield tag="084" ind1=" " ind2=" ">
         <subfield code="a">EO 2380</subfield>
         <subfield code="2">rvk</subfield>
      </datafield>
      <datafield tag="245" ind1="0" ind2="4">
         <subfield code="a">The literature of ancient Egypt :</subfield>
         <subfield code="b">an anthology of stories, instructions, stelae, autobiographies, and poetry /</subfield>
         <subfield code="c">edited and with an introduction by William Kelly Simpson ; with translations by Robert K. Ritner [and others].</subfield>
      </datafield>
      <datafield tag="250" ind1=" " ind2=" ">
         <subfield code="a">3rd ed.</subfield>
      </datafield>
      <datafield tag="260" ind1=" " ind2=" ">
         <subfield code="a">New Haven [Conn.] ;</subfield>
         <subfield code="a">London :</subfield>
         <subfield code="b">Yale University Press,</subfield>
         <subfield code="c">©2003.</subfield>
      </datafield>
      <datafield tag="300" ind1=" " ind2=" ">
         <subfield code="a">xiii, 598 pages, [5] pages of plates :</subfield>
         <subfield code="b">illustrations, maps ;</subfield>
         <subfield code="c">24 cm</subfield>
      </datafield>
      <datafield tag="336" ind1=" " ind2=" ">
         <subfield code="a">text</subfield>
         <subfield code="b">txt</subfield>
         <subfield code="2">rdacontent</subfield>
      </datafield>
      <datafield tag="337" ind1=" " ind2=" ">
         <subfield code="a">unmediated</subfield>
         <subfield code="b">n</subfield>
         <subfield code="2">rdamedia</subfield>
      </datafield>
      <datafield tag="338" ind1=" " ind2=" ">
         <subfield code="a">volume</subfield>
         <subfield code="b">nc</subfield>
         <subfield code="2">rdacarrier</subfield>
      </datafield>
      <datafield tag="546" ind1=" " ind2=" ">
         <subfield code="a">Translated from the Egyptian.</subfield>
      </datafield>
      <datafield tag="504" ind1=" " ind2=" ">
         <subfield code="a">Includes bibliographical references (pages 531-598).</subfield>
      </datafield>
      <datafield tag="505" ind1="0" ind2=" ">
         <subfield code="a">Introduction / by William Kelly Simpson -- pt. 1. Narratives and tales of Middle Egyptian literature. King Cheops and the magicians -- The tale of the eloquent peasant -- The shipwrecked sailor -- The story of Sinuhe -- pt. 2. Late Egyptian stories. The quarrel of Apophis and Seknenre -- The capture of Joppa -- The tale of the doomed prince -- The tale of the two brothers -- The contendings of Horus and Seth -- The blinding of Truth by Falsehood -- Astarte and the insatiable sea -- A ghost story -- The report of Wenamon -- pt. 3. Instructions, lamentations, and dialogues. The instruction of Hardedef (first part) -- The maxims of Ptahhotep -- The teaching for the Vizier Kagemni -- The teaching for King Merikare -- The teaching of King Amenemhet I for his son Senwosret -- The loyalist instruction from the Sehetepibre stela -- The instruction of a man for his son -- The man who was weary of life -- The admonitions of an Egyptian sage -- The lamentations of Khakheperre-sonbe -- The prophecies of Neferty -- The instruction of Amunnakhte -- The instruction of Amenemope -- pt. 4. From the religious literature. Selections from the Pyramid texts -- Selections from the Coffin texts -- Book of the dead 125: "The negative confession" -- The hymn to the Aten -- Penitential hymns -- The book of the heavenly cow.</subfield>
      </datafield>
      <datafield tag="505" ind1="0" ind2=" ">
         <subfield code="a">pt. 5. Songs and royal hymns. Cycle of songs in honor of Senwosret III -- The love songs and the song of the Harper -- pt. 6. Royal stelae. The Semna stela -- The Neferhotep stela -- The Kamose texts -- The poetical stela of Thutmose III -- The Israel stela -- The Bentresh stela -- The victory stela of Piye -- The famine stela -- The Satrap stela -- pt. 7. Autobiographies. Three autobiographies of the Old Kingdom -- The stela of Tjetji -- Amenemhet and Khnumhotep II at Beni Hasan -- The stela of Iykhernofret -- pt. 8. Scribal traditions. The satire on the trades: the instruction of Dua-Khety -- The scribal traditions in the schools -- pt. 9. Demotic literature. The prophecy of the lamb -- The tale of Amasis and the skipper -- The romance of Setna Khaemuas and the mummies (Setna I) -- The adventures of Setna and Si-Osire (Setna II) -- The childhood of Si-Osire -- The magician Hihor -- The fable of the swallow and the sea -- The instruction of 'Onchsheshonqy.</subfield>
      </datafield>
      <datafield tag="520" ind1=" " ind2=" ">
         <subfield code="a">The latest edition of this highly praised anthology of ancient Egyptian literature offers fresh translations of all the texts as well as some twenty-five new entries, including writings from the late literature of the Demotic period at the end of classical Egyptian history. The book also includes an extensive bibliography.</subfield>
      </datafield>
      <datafield tag="650" ind1=" " ind2="0">
         <subfield code="a">Egyptian literature</subfield>
         <subfield code="x">Translations into English.</subfield>
      </datafield>
      <datafield tag="651" ind1=" " ind2="0">
         <subfield code="a">Egypt</subfield>
         <subfield code="v">Literary collections.</subfield>
      </datafield>
      <datafield tag="651" ind1=" " ind2="0">
         <subfield code="a">Egypt</subfield>
         <subfield code="x">Civilization</subfield>
         <subfield code="y">To 332 B.C.</subfield>
         <subfield code="v">Literary collections.</subfield>
      </datafield>
      <datafield tag="650" ind1=" " ind2="7">
         <subfield code="a">Civilization.</subfield>
         <subfield code="2">fast</subfield>
         <subfield code="0">(OCoLC)fst00862898</subfield>
      </datafield>
      <datafield tag="650" ind1=" " ind2="7">
         <subfield code="a">Egyptian literature.</subfield>
         <subfield code="2">fast</subfield>
         <subfield code="0">(OCoLC)fst00903967</subfield>
      </datafield>
      <datafield tag="651" ind1=" " ind2="7">
         <subfield code="a">Egypt.</subfield>
         <subfield code="2">fast</subfield>
         <subfield code="0">(OCoLC)fst01208755</subfield>
      </datafield>
      <datafield tag="648" ind1=" " ind2="7">
         <subfield code="a">To 332 B.C.</subfield>
         <subfield code="2">fast</subfield>
      </datafield>
      <datafield tag="655" ind1=" " ind2="7">
         <subfield code="a">Literary collections.</subfield>
         <subfield code="2">fast</subfield>
         <subfield code="0">(OCoLC)fst01423811</subfield>
      </datafield>
      <datafield tag="655" ind1=" " ind2="7">
         <subfield code="a">Translations.</subfield>
         <subfield code="2">fast</subfield>
         <subfield code="0">(OCoLC)fst01423791</subfield>
      </datafield>
      <datafield tag="700" ind1="1" ind2=" ">
         <subfield code="a">Simpson, William Kelly.</subfield>
      </datafield>
      <datafield tag="700" ind1="1" ind2=" ">
         <subfield code="a">Ritner, Robert Kriech,</subfield>
         <subfield code="d">1953-</subfield>
      </datafield>
      <datafield tag="994" ind1=" " ind2=" ">
         <subfield code="a">Z0</subfield>
         <subfield code="b">ZYU</subfield>
      </datafield>
      <datafield tag="OWN" ind1=" " ind2=" ">
         <subfield code="a">GENERAL</subfield>
      </datafield>
      <datafield tag="AVA" ind1=" " ind2=" ">
         <subfield code="a">NYU50</subfield>
         <subfield code="b">NISAW</subfield>
         <subfield code="c">Small Collection</subfield>
         <subfield code="d">PJ1943 .L57 2003a</subfield>
         <subfield code="e">available</subfield>
         <subfield code="t">Available</subfield>
         <subfield code="f">1</subfield>
         <subfield code="g">0</subfield>
         <subfield code="h">N</subfield>
         <subfield code="i">0</subfield>
         <subfield code="j">SMALL</subfield>
         <subfield code="k">0</subfield>
      </datafield>
      <marc:datafield tag="852" ind1=" " ind2=" ">
         <marc:subfield code="b">Institute for the Study of the Ancient World, </marc:subfield>
         <marc:subfield code="c">Small Collection</marc:subfield>
         <marc:subfield code="e">15 East 84th St., </marc:subfield>
         <marc:subfield code="e">New York, NY  10028</marc:subfield>
      </marc:datafield>
   </record>