
  
  
  
  
  
  
  
 
  
  <record xsi:schemaLocation="http://www.loc.gov/MARC21/slim http://www.loc.gov/standards/marcxml/schema/MARC21slim.xsd">
      <leader>00000cam  2200265 a 4500</leader>
      <controlfield tag="FMT">BK</controlfield>
      <controlfield tag="LDR">00000cam  2200265 a 4500</controlfield>
      <controlfield tag="001">004160047</controlfield>
      <controlfield tag="003">OCoLC</controlfield>
      <controlfield tag="005">20150715160811.0</controlfield>
      <controlfield tag="008">970328s1956    au       b    010 0 ger d</controlfield>
      <datafield tag="035" ind1=" " ind2=" ">
         <subfield code="a">(OCoLC)36646743</subfield>
      </datafield>
      <datafield tag="040" ind1=" " ind2=" ">
         <subfield code="a">NYP</subfield>
         <subfield code="b">eng</subfield>
         <subfield code="c">NYP</subfield>
         <subfield code="d">OCLCG</subfield>
         <subfield code="d">OCLCQ</subfield>
         <subfield code="d">OCLCO</subfield>
         <subfield code="d">NNU</subfield>
      </datafield>
      <datafield tag="043" ind1=" " ind2=" ">
         <subfield code="a">aw-----</subfield>
      </datafield>
      <datafield tag="050" ind1=" " ind2="4">
         <subfield code="a">DS42.4</subfield>
         <subfield code="b">.F445 1956</subfield>
      </datafield>
      <datafield tag="245" ind1="0" ind2="0">
         <subfield code="a">Vorderasiatische Studien :</subfield>
         <subfield code="b">Festschrift für Prof. Dr. Viktor Christian, gewidmet von Kollegen und Schülern zum 70. Geburtstag /</subfield>
         <subfield code="c">herausgegeben von Kurt Schubert in Verbindung mit Johannes Botterweck und Johann</subfield>
      </datafield>
      <datafield tag="260" ind1=" " ind2=" ">
         <subfield code="a">Wien :</subfield>
         <subfield code="b">[Verlag Notring der Wissenschaftlichen Vehbände Österreichs],</subfield>
         <subfield code="c">1956.</subfield>
      </datafield>
      <datafield tag="300" ind1=" " ind2=" ">
         <subfield code="a">120 pages ;</subfield>
         <subfield code="c">24 cm</subfield>
      </datafield>
      <datafield tag="336" ind1=" " ind2=" ">
         <subfield code="a">text</subfield>
         <subfield code="b">txt</subfield>
         <subfield code="2">rdacontent</subfield>
      </datafield>
      <datafield tag="337" ind1=" " ind2=" ">
         <subfield code="a">unmediated</subfield>
         <subfield code="b">n</subfield>
         <subfield code="2">rdamedia</subfield>
      </datafield>
      <datafield tag="338" ind1=" " ind2=" ">
         <subfield code="a">volume</subfield>
         <subfield code="b">nc</subfield>
         <subfield code="2">rdacarrier</subfield>
      </datafield>
      <datafield tag="500" ind1=" " ind2=" ">
         <subfield code="a">ISAW copy is from the Library of Hayim and Miriam Tadmor.</subfield>
         <subfield code="5">NNU</subfield>
      </datafield>
      <datafield tag="504" ind1=" " ind2=" ">
         <subfield code="a">Bibliographical references included in "Anmerkungen."</subfield>
      </datafield>
      <datafield tag="505" ind1="0" ind2="0">
         <subfield code="t">Viktor Christian und die Anthropologische Gesellschaft in Wien /</subfield>
         <subfield code="r">Josef Weninger --</subfield>
         <subfield code="t">Ludwig V. Rauter und sein verschollenes Reisebuch (1567/71) /</subfield>
         <subfield code="r">Franz Babinger --</subfield>
         <subfield code="t">Zur Eigenart der chronistischen Davidgeschichte /</subfield>
         <subfield code="r">Johannes Botterweck --</subfield>
         <subfield code="t">Verschollene Sprachen in Vorderasien und der österreichische Beitrag zu ihrer Entzifferung /</subfield>
         <subfield code="r">Wilhelm Brandenstein --</subfield>
         <subfield code="t">Neue Gnosisforschung im Lichte der koptischen Handschriften von Chenoboskion /</subfield>
         <subfield code="r">Robert Haardt --</subfield>
         <subfield code="t">Altsüdarabischen Monatsnamen /</subfield>
         <subfield code="r">Maria Höfner --</subfield>
         <subfield code="t">Zum Problem des Verhältnisses der Sekte von Chirbet Qumran zu den Essenrn /</subfield>
         <subfield code="r">Hans-Joachim Kandler --</subfield>
         <subfield code="t">Hethitische Etymologien /</subfield>
         <subfield code="r">Johann Knobloch --</subfield>
         <subfield code="t">Glaube an die Auferstehung der Toten in den Gathas /</subfield>
         <subfield code="r">Franz König --</subfield>
         <subfield code="t">Hymnen von Chirbet Qumran (1 Q T) /</subfield>
         <subfield code="r">Georg Molin --</subfield>
         <subfield code="t">"Wahrheit" als theologischer Terminus in den Qumran-Texten /</subfield>
         <subfield code="r">Friedrich Nötscher --</subfield>
         <subfield code="t">Ersten beiden Kolumnen der Kriegsrolle von Chirbet Qumran /</subfield>
         <subfield code="r">Kurt Schubert --</subfield>
         <subfield code="t">Beiträge zum Verständnis der neuassyrischen Briefe über die Ersatzkönigsriten /</subfield>
         <subfield code="r">Wolfram von Soden --</subfield>
         <subfield code="t">Amarna-Gedanken in einem Sargtext /</subfield>
         <subfield code="r">Gertrud Thausing --</subfield>
         <subfield code="t">Amts- und Privatarchive aus mittelassyrischer Zeit /</subfield>
         <subfield code="r">Ernst Weidner.</subfield>
      </datafield>
      <datafield tag="630" ind1="0" ind2="0">
         <subfield code="a">Dead Sea scrolls.</subfield>
      </datafield>
      <datafield tag="651" ind1=" " ind2="0">
         <subfield code="a">Middle East</subfield>
         <subfield code="x">Antiquities.</subfield>
      </datafield>
      <datafield tag="651" ind1=" " ind2="0">
         <subfield code="a">Middle East</subfield>
         <subfield code="x">History</subfield>
         <subfield code="y">To 622.</subfield>
      </datafield>
      <datafield tag="700" ind1="1" ind2=" ">
         <subfield code="a">Schubert, Kurt,</subfield>
         <subfield code="d">1923-2007</subfield>
         <subfield code="e">editor.</subfield>
      </datafield>
      <datafield tag="700" ind1="1" ind2=" ">
         <subfield code="a">Botterweck, G. Johannes</subfield>
         <subfield code="e">editor.</subfield>
      </datafield>
      <datafield tag="700" ind1="1" ind2=" ">
         <subfield code="a">Knobloch, Johann,</subfield>
         <subfield code="d">1919-</subfield>
         <subfield code="e">editor.</subfield>
      </datafield>
      <datafield tag="700" ind1="1" ind2=" ">
         <subfield code="a">Christian, Viktor,</subfield>
         <subfield code="d">1885-1963,</subfield>
         <subfield code="e">honoree.</subfield>
      </datafield>
      <datafield tag="776" ind1="0" ind2="8">
         <subfield code="i">Online version:</subfield>
         <subfield code="t">Festschrift für Prof. Dr. Viktor Christian.</subfield>
         <subfield code="d">Wien : [s.n.], 1956</subfield>
         <subfield code="w">(OCoLC)568950731</subfield>
      </datafield>
      <datafield tag="796" ind1="1" ind2=" ">
         <subfield code="a">Tadmor, Hayim,</subfield>
         <subfield code="e">former owner.</subfield>
      </datafield>
      <datafield tag="796" ind1="1" ind2=" ">
         <subfield code="a">Tadmor, Miriam,</subfield>
         <subfield code="e">former owner.</subfield>
      </datafield>
      <datafield tag="797" ind1="2" ind2=" ">
         <subfield code="a">Tadmor Collection.</subfield>
      </datafield>
      <datafield tag="994" ind1=" " ind2=" ">
         <subfield code="a">Z0</subfield>
         <subfield code="b">ZYU</subfield>
      </datafield>
      <datafield tag="OWN" ind1=" " ind2=" ">
         <subfield code="a">GENERAL</subfield>
      </datafield>
      <datafield tag="AVA" ind1=" " ind2=" ">
         <subfield code="a">NYU50</subfield>
         <subfield code="b">NISAW</subfield>
         <subfield code="c">Small Collection</subfield>
         <subfield code="d">DS42.4 .F445 1956</subfield>
         <subfield code="e">available</subfield>
         <subfield code="t">Available</subfield>
         <subfield code="f">1</subfield>
         <subfield code="g">0</subfield>
         <subfield code="h">N</subfield>
         <subfield code="i">0</subfield>
         <subfield code="j">SMALL</subfield>
         <subfield code="k">0</subfield>
      </datafield>
      <marc:datafield tag="852" ind1=" " ind2=" ">
         <marc:subfield code="b">Institute for the Study of the Ancient World, </marc:subfield>
         <marc:subfield code="c">Small Collection</marc:subfield>
         <marc:subfield code="e">15 East 84th St., </marc:subfield>
         <marc:subfield code="e">New York, NY  10028</marc:subfield>
      </marc:datafield>
   </record>