
  
  
  
  
  
 
  
  <record xsi:schemaLocation="http://www.loc.gov/MARC21/slim http://www.loc.gov/standards/marcxml/schema/MARC21slim.xsd">
      <leader>00000cam  2200229 i 4500</leader>
      <controlfield tag="FMT">BK</controlfield>
      <controlfield tag="LDR">00000cam  2200229 i 4500</controlfield>
      <controlfield tag="001">004160263</controlfield>
      <controlfield tag="003">OCoLC</controlfield>
      <controlfield tag="005">20150716152830.0</controlfield>
      <controlfield tag="008">150716t20152015fr ae    b    010 0 fre d</controlfield>
      <datafield tag="020" ind1=" " ind2=" ">
         <subfield code="a">9782271083203</subfield>
      </datafield>
      <datafield tag="020" ind1=" " ind2=" ">
         <subfield code="a">2271083206</subfield>
      </datafield>
      <datafield tag="035" ind1=" " ind2=" ">
         <subfield code="a">(OCoLC)910847969</subfield>
      </datafield>
      <datafield tag="040" ind1=" " ind2=" ">
         <subfield code="a">ERASP</subfield>
         <subfield code="b">eng</subfield>
         <subfield code="e">rda</subfield>
         <subfield code="c">ERASP</subfield>
         <subfield code="d">NNU</subfield>
      </datafield>
      <datafield tag="041" ind1="0" ind2=" ">
         <subfield code="a">fre</subfield>
         <subfield code="a">eng</subfield>
         <subfield code="a">ita</subfield>
      </datafield>
      <datafield tag="043" ind1=" " ind2=" ">
         <subfield code="a">ac-----</subfield>
         <subfield code="a">a-tu---</subfield>
      </datafield>
      <datafield tag="050" ind1=" " ind2="4">
         <subfield code="a">DS329.4</subfield>
         <subfield code="b">.D43 2015</subfield>
      </datafield>
      <datafield tag="082" ind1="0" ind2="4">
         <subfield code="a">932-933</subfield>
      </datafield>
      <datafield tag="245" ind1="0" ind2="0">
         <subfield code="a">De Samarcande à Istanbul :</subfield>
         <subfield code="b">étapes orientales /</subfield>
         <subfield code="c">textes réunis et présentés par Véronique Schiltz.</subfield>
      </datafield>
      <datafield tag="264" ind1=" " ind2="1">
         <subfield code="a">Paris :</subfield>
         <subfield code="b">CNRS Éditions,</subfield>
         <subfield code="c">[2015].</subfield>
      </datafield>
      <datafield tag="264" ind1=" " ind2="4">
         <subfield code="c">©2015</subfield>
      </datafield>
      <datafield tag="300" ind1=" " ind2=" ">
         <subfield code="a">465 pages :</subfield>
         <subfield code="b">illustrations (some color), plans ;</subfield>
         <subfield code="c">26 cm.</subfield>
      </datafield>
      <datafield tag="336" ind1=" " ind2=" ">
         <subfield code="a">text</subfield>
         <subfield code="b">txt</subfield>
         <subfield code="2">rdacontent</subfield>
      </datafield>
      <datafield tag="337" ind1=" " ind2=" ">
         <subfield code="a">unmediated</subfield>
         <subfield code="b">n</subfield>
         <subfield code="2">rdamedia</subfield>
      </datafield>
      <datafield tag="338" ind1=" " ind2=" ">
         <subfield code="a">volume</subfield>
         <subfield code="b">nc</subfield>
         <subfield code="2">rdacarrier</subfield>
      </datafield>
      <datafield tag="490" ind1="1" ind2=" ">
         <subfield code="a">Hommages à Pierre Chuvin ;</subfield>
         <subfield code="v">II</subfield>
      </datafield>
      <datafield tag="504" ind1=" " ind2=" ">
         <subfield code="a">Includes bibliographical references.</subfield>
      </datafield>
      <datafield tag="505" ind1="0" ind2="0">
         <subfield code="t">Avant-propos /</subfield>
         <subfield code="r">Véronique Schiltz --</subfield>
         <subfield code="t">Tabula Gratulatoria --</subfield>
         <subfield code="t">Entretien entre Valérie Hannin et Pierre Chuvin, le 4 août 2014, “Un passeur entre deux mondes” --</subfield>
         <subfield code="t">Dessins /</subfield>
         <subfield code="r">Abidine Dino --</subfield>
         <subfield code="t">Peintures /</subfield>
         <subfield code="r">Belkis Taşkeser --</subfield>
         <subfield code="t">Bibliographie de Pierre Chuvin.</subfield>
         <subfield code="g">Prologue.</subfield>
         <subfield code="t">Le temps des idoles.</subfield>
         <subfield code="t">Une idole protohistorique d’Aï Khanoum hellénistique (Bactriane, NE de l’Afghanistan) /</subfield>
         <subfield code="r">Henri-Paul Francfort --</subfield>
         <subfield code="t">Le sanctuaire du dieu Oxus à Takht-i Sangin au Tadjikistan, ou l’esprit de l’escalier /</subfield>
         <subfield code="r">Paul Bernard --</subfield>
         <subfield code="t">Ariane, Artémis, Cybèle et autres Nana /</subfield>
         <subfield code="r">Véronique Schiltz.</subfield>
         <subfield code="g">Première partie.</subfield>
         <subfield code="t">Multiples héritages.</subfield>
         <subfield code="t">Retour sur Meydancıkkale : l’Anatolie entre l’empire perse et l’hellénisme /</subfield>
         <subfield code="r">Didier Laroche --</subfield>
         <subfield code="t">Le chapitre apocalyptique du traité pehlevi Ayādgār ī Jāmāspīg. Propositions pour un décodage et pour une date /</subfield>
         <subfield code="r">Frantz Grenet --</subfield>
         <subfield code="t">Theophylact’s Turkish Exkurs revisited /</subfield>
         <subfield code="r">Étienne de la Vaissière --</subfield>
         <subfield code="t">L’image du sage-ascète dans l’art de l’Asie centrale /</subfield>
         <subfield code="r">Kazim Abdullaev --</subfield>
         <subfield code="t">Le thème des géants dans la culture des lieux saints en Asie centrale /</subfield>
         <subfield code="r">Ashirbek Muminov --</subfield>
         <subfield code="t">Le soufisme dans son interprétation orientaliste : le cas de Bistâmî / Alberto Fabio Ambrosio --</subfield>
         <subfield code="t">Entre Dieu et la Chine : à propos du mausolée de la femme anonyme de 1360 /</subfield>
         <subfield code="r">Yves Porter --</subfield>
         <subfield code="t">Tra Galata e Pera e il Corno d’oro: scorci e sfondi dell’Iran nei versi metropolitani di Nedim /</subfield>
         <subfield code="r">Giampiero Bellinger.</subfield>
      </datafield>
      <datafield tag="505" ind1="8" ind2="0">
         <subfield code="g">Deuxième partie.</subfield>
         <subfield code="t">Regards croisés.</subfield>
         <subfield code="t">Histoires de Turcs dans l’hagiographie persane prémongole /</subfield>
         <subfield code="r">Jürgen Paul --</subfield>
         <subfield code="t">Jacques du Fay, un Français à la Cour de Tamerlan /</subfield>
         <subfield code="r">Michele Bernardini --</subfield>
         <subfield code="t">Photographies /</subfield>
         <subfield code="r">Ergun Çağatay --</subfield>
         <subfield code="t">Le derviche turc et son censeur (Varadinum, 1547) /</subfield>
         <subfield code="r">Michel Tardieu --</subfield>
         <subfield code="t">Nature morte. Ouzbékistan 1997 /</subfield>
         <subfield code="r">France Grand --</subfield>
         <subfield code="t">1998. Un raid autour de la mer d’Aral (5-14 mai) /</subfield>
         <subfield code="r">René Cagnat et René Létolle.</subfield>
         <subfield code="g">Troisième partie.</subfield>
         <subfield code="t">Vent d’Est, Vent d’Ouest.</subfield>
         <subfield code="t">Paroles d’oġlan, jeunes esclaves de la Porte (XVIe-XVIIe siècles) /</subfield>
         <subfield code="r">Nicolas Vatin et Gilles Veinstein --</subfield>
         <subfield code="t">L’institution des Jeunes de langue de Constantinople au début du XIXe siècle /</subfield>
         <subfield code="r">Frédéric Hitzel --</subfield>
         <subfield code="t">Rires en mer de Marmara. Une scène de la vie quotidienne dans l’empire ottoman en 1909 /</subfield>
         <subfield code="r">François Georgeon --</subfield>
         <subfield code="t">De quelle couleur était le cheval blanc de Franchet d’Espèrey? Petite enquête sur la vérité historique /</subfield>
         <subfield code="r">Edhem Eldem --</subfield>
         <subfield code="t">Sur les traces des Amazones de la vaccination /</subfield>
         <subfield code="r">Anne Marie Moulin --</subfield>
         <subfield code="t">Édouard Herriot, un pédagogue laïc en Turquie (1934) : la bonne foi et la méprise /</subfield>
         <subfield code="r">Jean-François Pérouse --</subfield>
         <subfield code="t">Du mépris à la nostalgie, de l’arabesque au Bauhaus : le modernisme turc dans la littérature française de l’entre-deux-guerres /</subfield>
         <subfield code="r">Sophie Basch --</subfield>
         <subfield code="t">Nazim Hikmet et l’épopée /</subfield>
         <subfield code="r">Michèle Aquien.</subfield>
      </datafield>
      <datafield tag="505" ind1="8" ind2="0">
         <subfield code="g">Épilogue.</subfield>
         <subfield code="t">Enjeux contemporains.</subfield>
         <subfield code="t">Le Califat illusoire qui cache la République : la fin de la monarchie constitutionnelle en Turquie /</subfield>
         <subfield code="r">Ahmet Kuyas --</subfield>
         <subfield code="t">La concurrence anglo-américaine au sujet de la Turquie : la seconde Conférence du Caire (4-8 décembre 1943) à la lumière de nouveaux documents /</subfield>
         <subfield code="r">Pinar Dost-Niyego --</subfield>
         <subfield code="t">La Chine, acteur inattendu en Asie centrale? /</subfield>
         <subfield code="r">Sébastien Peyrouse --</subfield>
         <subfield code="t">Éducation islamique en Turquie et en Asie centrale : interactions entre mouvements privés et acteurs publics /</subfield>
         <subfield code="r">Bayram Balci --</subfield>
         <subfield code="t">Les jeunes filles en fleurs de Marcel Proust et l’exercice scolaire de la “dissertation” /</subfield>
         <subfield code="r">Annick Bouillaguet --</subfield>
         <subfield code="t">Envoi /</subfield>
         <subfield code="r">Véronique Schiltz.</subfield>
      </datafield>
      <datafield tag="520" ind1="8" ind2=" ">
         <subfield code="a">Grand helléniste, arpenteur de terres et de textes, Pierre Chuvin double son érudition académique de professeur des Universités d'un intérêt vivant pour les mondes de l'Asie centrale et de la Turquie sous leurs aspects les plus divers. Ainsi a-t-il fondé et dirigé l'Institut français d'études sur l'Asie centrale (1993-1998), avant de prendre la tête de l'Institut français d'études anatoliennes (2003-2008). Succédant à un premier recueil d'hommages consacré au monde grec du mythos au logos, le présent volume rassemble des contributions consacrées à l'Orient centrasiatique et turc. Leur diversité est à l'image de la curiosité inlassable de celui auquel elles sont dédiées. Des mausolées de Samarcande à la Sublime Porte, de l'Antiquité à l'époque contemporaine, de l'écrit à l'image, de l'Histoire à l'aventure, de la mythologie à la médecine, sans oublier la poésie, ce sont les facettes très multiples d'une culture d'une extrême richesse qui sont illustrées ici.</subfield>
      </datafield>
      <datafield tag="546" ind1=" " ind2=" ">
         <subfield code="a">29 contributions in French, 1 in English, 1 in Italian.</subfield>
      </datafield>
      <datafield tag="651" ind1=" " ind2="0">
         <subfield code="a">Asia, Central</subfield>
         <subfield code="x">History.</subfield>
      </datafield>
      <datafield tag="651" ind1=" " ind2="0">
         <subfield code="a">Asia, Central</subfield>
         <subfield code="x">Civilization.</subfield>
      </datafield>
      <datafield tag="651" ind1=" " ind2="0">
         <subfield code="a">Turkey</subfield>
         <subfield code="x">History.</subfield>
      </datafield>
      <datafield tag="651" ind1=" " ind2="0">
         <subfield code="a">Turkey</subfield>
         <subfield code="x">Civilization.</subfield>
      </datafield>
      <datafield tag="700" ind1="1" ind2=" ">
         <subfield code="a">Schiltz, Véronique</subfield>
         <subfield code="e">editor.</subfield>
      </datafield>
      <datafield tag="700" ind1="1" ind2=" ">
         <subfield code="a">Chuvin, Pierre</subfield>
         <subfield code="e">honoree.</subfield>
      </datafield>
      <datafield tag="830" ind1=" " ind2="0">
         <subfield code="a">Hommages à Pierre Chuvin ;</subfield>
         <subfield code="v">2.</subfield>
      </datafield>
      <datafield tag="994" ind1=" " ind2=" ">
         <subfield code="a">Z0</subfield>
         <subfield code="b">ZYU</subfield>
      </datafield>
      <datafield tag="OWN" ind1=" " ind2=" ">
         <subfield code="a">GENERAL</subfield>
      </datafield>
      <datafield tag="AVA" ind1=" " ind2=" ">
         <subfield code="a">NYU50</subfield>
         <subfield code="b">NISAW</subfield>
         <subfield code="c">Large Collection</subfield>
         <subfield code="d">DS329.4 .D43 2015</subfield>
         <subfield code="e">available</subfield>
         <subfield code="t">Available</subfield>
         <subfield code="f">1</subfield>
         <subfield code="g">0</subfield>
         <subfield code="h">N</subfield>
         <subfield code="i">0</subfield>
         <subfield code="j">LARGE</subfield>
         <subfield code="k">0</subfield>
      </datafield>
      <marc:datafield tag="852" ind1=" " ind2=" ">
         <marc:subfield code="b">Institute for the Study of the Ancient World, </marc:subfield>
         <marc:subfield code="c">Large Collection</marc:subfield>
         <marc:subfield code="e">15 East 84th St., </marc:subfield>
         <marc:subfield code="e">New York, NY  10028</marc:subfield>
      </marc:datafield>
   </record>