
  
  
  
  
  
  
 
  
  <record xsi:schemaLocation="http://www.loc.gov/MARC21/slim http://www.loc.gov/standards/marcxml/schema/MARC21slim.xsd">
      <leader>00000cam  2200613 i 4500</leader>
      <controlfield tag="FMT">BK</controlfield>
      <controlfield tag="LDR">00000cam  2200613 i 4500</controlfield>
      <controlfield tag="001">004160245</controlfield>
      <controlfield tag="003">OCoLC</controlfield>
      <controlfield tag="005">20150716144336.0</controlfield>
      <controlfield tag="008">150716s2014    cc ab    b    100 0 chi d</controlfield>
      <datafield tag="020" ind1=" " ind2=" ">
         <subfield code="a">9787030415622</subfield>
      </datafield>
      <datafield tag="020" ind1=" " ind2=" ">
         <subfield code="a">7030415620</subfield>
      </datafield>
      <datafield tag="035" ind1=" " ind2=" ">
         <subfield code="a">(OCoLC)898115693</subfield>
      </datafield>
      <datafield tag="040" ind1=" " ind2=" ">
         <subfield code="a">BCBTC</subfield>
         <subfield code="b">eng</subfield>
         <subfield code="e">rda</subfield>
         <subfield code="c">BCBTC</subfield>
         <subfield code="d">OCLCO</subfield>
         <subfield code="d">CUY</subfield>
         <subfield code="d">OCLCF</subfield>
         <subfield code="d">YUS</subfield>
         <subfield code="d">OCL</subfield>
         <subfield code="d">ZYU</subfield>
         <subfield code="d">NNU</subfield>
      </datafield>
      <datafield tag="043" ind1=" " ind2=" ">
         <subfield code="a">a-cc-hh</subfield>
      </datafield>
      <datafield tag="050" ind1=" " ind2="4">
         <subfield code="a">DS797.48.W847</subfield>
         <subfield code="b">S536 2013</subfield>
      </datafield>
      <datafield tag="066" ind1=" " ind2=" ">
         <subfield code="c">$1</subfield>
      </datafield>
      <datafield tag="111" ind1="2" ind2=" ">
         <subfield code="6">880-01</subfield>
         <subfield code="a">Shang dai Panlongcheng xue shu yan tao hui</subfield>
         <subfield code="d">(2013 :</subfield>
         <subfield code="c">Wuhan Shi, China),</subfield>
         <subfield code="e">author.</subfield>
      </datafield>
      <datafield tag="245" ind1="1" ind2="0">
         <subfield code="6">880-02</subfield>
         <subfield code="a">Shang dai Panlongcheng xue shu yan tao hui lun wen ji /</subfield>
         <subfield code="c">Wuhan da xue Zhongguo chuan tong wen hua yan jiu zhong xin, Wuhan Shi guo jia li shi wen hua ming cheng bao hu wei yuan hui ban gong shi bian ; zhu bian Feng Tianyu, Liu Yingzi ; fu zhu bian Yu Xiyun, Tang Huihu, Chen Xiexin.</subfield>
      </datafield>
      <datafield tag="250" ind1=" " ind2=" ">
         <subfield code="6">880-03</subfield>
         <subfield code="a">Di yi ban.</subfield>
      </datafield>
      <datafield tag="264" ind1=" " ind2="1">
         <subfield code="6">880-04</subfield>
         <subfield code="a">Beijing :</subfield>
         <subfield code="b">Ke xue chu ban she,</subfield>
         <subfield code="c">2014.</subfield>
      </datafield>
      <datafield tag="300" ind1=" " ind2=" ">
         <subfield code="a">190 pages :</subfield>
         <subfield code="b">illustrations, map ;</subfield>
         <subfield code="c">27 cm</subfield>
      </datafield>
      <datafield tag="336" ind1=" " ind2=" ">
         <subfield code="a">text</subfield>
         <subfield code="2">rdacontent</subfield>
      </datafield>
      <datafield tag="337" ind1=" " ind2=" ">
         <subfield code="a">unmediated</subfield>
         <subfield code="2">rdamedia</subfield>
      </datafield>
      <datafield tag="338" ind1=" " ind2=" ">
         <subfield code="a">volume</subfield>
         <subfield code="2">rdacarrier</subfield>
      </datafield>
      <datafield tag="504" ind1=" " ind2=" ">
         <subfield code="a">Includes bibliographical references.</subfield>
      </datafield>
      <datafield tag="520" ind1=" " ind2=" ">
         <subfield code="6">880-05</subfield>
         <subfield code="a">Ben shu shi 2013 nian 8 yue zai Wuha ju xing de Shang dai Panlongcheng xue shu yan tao hui lun wen de jie ji.</subfield>
      </datafield>
      <datafield tag="505" ind1="0" ind2="0">
         <subfield code="6">880-06</subfield>
         <subfield code="t">Shang dai Panlongcheng zai Zhongguo zao qi wen ming shi de di wei /</subfield>
         <subfield code="r">Fen Tianyu --</subfield>
         <subfield code="t">Cong bu tong jiao du kan Panlongcheng: zai Shang dai Panlongchegn xue shu yan tao hui shang de jiang hua /</subfield>
         <subfield code="r">Li Boqian --</subfield>
         <subfield code="t">Tui jing Panlongcheng ji Jianghan Diqu de kao gu he li shi yan jiu: zai Shang dai Panlongcheng xue shu yan tao hui shang de jiang hua /</subfield>
         <subfield code="r">Wang Wei --</subfield>
         <subfield code="t">Chong xian xi ri de Shang du hui huang: Wuhan Shi jiao de Panlongcheng Shang dai gu cheng /</subfield>
         <subfield code="r">Wang Jin --</subfield>
         <subfield code="t">Shang dai de nan fang /</subfield>
         <subfield code="r">Tang Jigeng --</subfield>
         <subfield code="t">Guang hui can lan de Shang dai Panlongcheng /</subfield>
         <subfield code="r">Chen Xianyi --</subfield>
         <subfield code="t">Zai Shang dai Panlongcheng xue shu yan tao hui shang de jiang hua /</subfield>
         <subfield code="r">Shen Haining --</subfield>
         <subfield code="t">Lun Panlongcheng Shang cheng de di wei /</subfield>
         <subfield code="r">Luo Yunhuan --</subfield>
         <subfield code="t">Panlongcheng yu Shang dai hu fang /</subfield>
         <subfield code="r">Huang Fengchun --</subfield>
         <subfield code="t">Panlongcheng yu Tonglüshan gu tong kuan ye guan xi /</subfield>
         <subfield code="r">Chen Shuxiang --</subfield>
         <subfield code="t">Shi xi Panlongcheng yi zhi de wen hua te zheng he zhong yao di wei /</subfield>
         <subfield code="r">Xu Shaohua --</subfield>
         <subfield code="t">Panlongcheng yi zhi wo wu guan chen lie jian yi /</subfield>
         <subfield code="r">Gao Menghe --</subfield>
      </datafield>
      <datafield tag="505" ind1="0" ind2="0">
         <subfield code="6">880-07</subfield>
         <subfield code="t">Yinxu yi zhi bao hu li yong de tan suo yu shi jian /</subfield>
         <subfield code="r">Du Jiuming, Shen Wenxi --</subfield>
         <subfield code="t">Shi lun Zhongguo zao qi cheng shi yu he liu de guan xi /</subfield>
         <subfield code="r">Yang Hua, Yang Yong --</subfield>
         <subfield code="t">Panlongcheng yi zhi Shang dai yi cun de ji ge wen ti /</subfield>
         <subfield code="r">Yu Xiyun --</subfield>
         <subfield code="t">Panlongcheng de xing zhi: yi ge xue shu shi de hui gu /</subfield>
         <subfield code="r">Zhang Changping --</subfield>
         <subfield code="t">Panlongcheng yi zhi zai Wuhan qu yu wen hua chan ye fa zhan zhong de jia zhi yu ding wei /</subfield>
         <subfield code="r">Fu Cai, Wu Zhourong --</subfield>
         <subfield code="t">Panlongchengg de li shi jia zhi /</subfield>
         <subfield code="r">Xiang Taochu --</subfield>
         <subfield code="t">Panlongcheng gu cheng cheng yuan, Ya jiao tai, cheng hai xiang guan wen ti fen xi /</subfield>
         <subfield code="r">Liu Sinmiao --</subfield>
         <subfield code="t">Cong Panlongcheng yi zhi chu tu yu qi kan Shang dai she hui de jing shen wen hua /</subfield>
         <subfield code="r">Fu Shouping, Fu Dan --</subfield>
         <subfield code="t">Shi lun Xiaqiyuan wen hua de nan xia /</subfield>
         <subfield code="r">Wang Lixin, Hu Baohua --</subfield>
         <subfield code="t">Cong ju luo xing tai kan Shang wang chao dui Chang Jiang zhong you di qu de jing lüe /</subfield>
         <subfield code="r">Dou Haifeng.</subfield>
      </datafield>
      <datafield tag="650" ind1=" " ind2="0">
         <subfield code="6">880-08</subfield>
         <subfield code="a">Excavations (Archaeology)</subfield>
         <subfield code="z">China</subfield>
         <subfield code="z">Panlongcheng Site.</subfield>
      </datafield>
      <datafield tag="651" ind1=" " ind2="0">
         <subfield code="6">880-09</subfield>
         <subfield code="a">Wuhan (China)</subfield>
         <subfield code="x">Antiquities.</subfield>
      </datafield>
      <datafield tag="651" ind1=" " ind2="0">
         <subfield code="a">China</subfield>
         <subfield code="x">History</subfield>
         <subfield code="y">Shang dynasty, 1766-1122 B.C.</subfield>
      </datafield>
      <datafield tag="651" ind1=" " ind2="0">
         <subfield code="a">Panlongcheng Site (China)</subfield>
      </datafield>
      <datafield tag="650" ind1=" " ind2="7">
         <subfield code="a">Antiquities.</subfield>
         <subfield code="2">fast</subfield>
         <subfield code="0">(OCoLC)fst00810745</subfield>
      </datafield>
      <datafield tag="650" ind1=" " ind2="7">
         <subfield code="a">Excavations (Archaeology)</subfield>
         <subfield code="2">fast</subfield>
         <subfield code="0">(OCoLC)fst00917564</subfield>
      </datafield>
      <datafield tag="651" ind1=" " ind2="7">
         <subfield code="a">China</subfield>
         <subfield code="z">Wuhan.</subfield>
         <subfield code="2">fast</subfield>
         <subfield code="0">(OCoLC)fst01302578</subfield>
      </datafield>
      <datafield tag="700" ind1="1" ind2=" ">
         <subfield code="6">880-10</subfield>
         <subfield code="a">Feng, Tianyu,</subfield>
         <subfield code="d">1942-</subfield>
         <subfield code="e">editor.</subfield>
      </datafield>
      <datafield tag="700" ind1="1" ind2=" ">
         <subfield code="6">880-11</subfield>
         <subfield code="a">Liu, Yingzi,</subfield>
         <subfield code="d">1965-</subfield>
         <subfield code="e">editor.</subfield>
      </datafield>
      <datafield tag="710" ind1="2" ind2=" ">
         <subfield code="6">880-12</subfield>
         <subfield code="a">Wuhan da xue.</subfield>
         <subfield code="b">Zhongguo chuan tong wen hua yan jiu zhong xin,</subfield>
         <subfield code="e">editor.</subfield>
      </datafield>
      <datafield tag="710" ind1="2" ind2=" ">
         <subfield code="6">880-13</subfield>
         <subfield code="a">Wuhan Shi guo jia li shi wen hua ming cheng bao hu wei yuan hui ban gong shi,</subfield>
         <subfield code="e">editor.</subfield>
      </datafield>
      <datafield tag="880" ind1="2" ind2=" ">
         <subfield code="6">111-01/</subfield>
         <subfield code="a">商代盘龙城学术研讨会</subfield>
         <subfield code="d">(2013 :</subfield>
         <subfield code="c">Wuhan Shi, China),</subfield>
         <subfield code="e">author.</subfield>
      </datafield>
      <datafield tag="880" ind1="1" ind2="0">
         <subfield code="6">245-02/</subfield>
         <subfield code="a">商代盘龙城学术研讨会论文集 /</subfield>
         <subfield code="c">武汉大学中国传统文化研究中心, 武汉市国家历史文化名城保护委员会办公室编 ; 主编冯天瑜, 刘英姿 ; 副主编余西云, 唐惠虎, 陈邂馨.</subfield>
      </datafield>
      <datafield tag="880" ind1=" " ind2=" ">
         <subfield code="6">250-03/</subfield>
         <subfield code="a">第一版.</subfield>
      </datafield>
      <datafield tag="880" ind1=" " ind2="1">
         <subfield code="6">264-04/</subfield>
         <subfield code="a">北京 :</subfield>
         <subfield code="b">科学出版社,</subfield>
         <subfield code="c">2014.</subfield>
      </datafield>
      <datafield tag="880" ind1=" " ind2=" ">
         <subfield code="6">520-05/</subfield>
         <subfield code="a">本书是2013年8月在武汉举行的商代盘龙城学术 研讨会论文的结集.</subfield>
      </datafield>
      <datafield tag="880" ind1="0" ind2="0">
         <subfield code="6">505-06/</subfield>
         <subfield code="t">商代盘龙城在中国早期文明史的地位 /</subfield>
         <subfield code="r">冯天瑜 --</subfield>
         <subfield code="t">从不同角度看盘龙城: 在商代盘龙城学术研讨会上的讲话 /</subfield>
         <subfield code="r">李伯谦 --</subfield>
         <subfield code="t">推进盘龙城及江汉地区的考古和历史研究: 在商代盘龙城学术研讨会上的讲话 /</subfield>
         <subfield code="r">王巍 --</subfield>
         <subfield code="t">重现昔日商都辉煌: 武汉市郊的盘龙城商代古城 /</subfield>
         <subfield code="r">王劲 --</subfield>
         <subfield code="t">商代的南方 /</subfield>
         <subfield code="r">唐际根 --</subfield>
         <subfield code="t">光辉灿烂的商代盘龙城 /</subfield>
         <subfield code="r">陈贤一 --</subfield>
         <subfield code="t">在商代盘龙城学术研讨会上的讲井话 /</subfield>
         <subfield code="r">沈海宁 --</subfield>
         <subfield code="t">论盘龙城商城的地位 /</subfield>
         <subfield code="r">罗运环 --</subfield>
         <subfield code="t">盘龙城与商代的虎方 /</subfield>
         <subfield code="r">黄凤春 --</subfield>
         <subfield code="t">盘龙城与铜绿山古铜矿业关系 /</subfield>
         <subfield code="r">陈树祥 --</subfield>
         <subfield code="t">试析盘龙城遗址的文化特征和重要地位 /</subfield>
         <subfield code="r">徐少华 --</subfield>
         <subfield code="t">盘龙城遗址博物馆陈列建议 /</subfield>
         <subfield code="r">高蒙河 --</subfield>
      </datafield>
      <datafield tag="880" ind1="0" ind2="0">
         <subfield code="6">505-07/</subfield>
         <subfield code="t">殷墟遗址保护利用的探索与实践 /</subfield>
         <subfield code="r">杜久明, 申文喜 --</subfield>
         <subfield code="t">试论中国早期城市与河流的关系 /</subfield>
         <subfield code="r">杨华, 杨勇 --</subfield>
         <subfield code="t">盘龙城遗址商代遗存的几个问题 /</subfield>
         <subfield code="r">余西云 --</subfield>
         <subfield code="t">盘龙城的性质: 个学术史的回顾 /</subfield>
         <subfield code="r">张昌平 --</subfield>
         <subfield code="t">盘龙城遗址在武汉区域文化产业发展中的价值与定位 /</subfield>
         <subfield code="r">傅才, 武邹荣 --</subfield>
         <subfield code="t">盘龙城的历史价值 /</subfield>
         <subfield code="r">向桃初 --</subfield>
         <subfield code="t">盘龙城宫城城垣, 压脚台, 城壕相关问题分析 /</subfield>
         <subfield code="r">刘森淼 --</subfield>
         <subfield code="t">从盘龙城遗址出土玉器看商代社会的精神文化 /</subfield>
         <subfield code="r">付守平, 付丹 --</subfield>
         <subfield code="t">试论下七垣文化的南下 /</subfield>
         <subfield code="r">王立新, 胡保华 --</subfield>
         <subfield code="t">从聚落形态看商王朝对长江中游地区的经略 /</subfield>
         <subfield code="r">豆海锋.</subfield>
      </datafield>
      <datafield tag="880" ind1=" " ind2="4">
         <subfield code="6">650-08/</subfield>
         <subfield code="a">Excavations (Archaeology)</subfield>
         <subfield code="z">China</subfield>
         <subfield code="z">盘龙城.</subfield>
      </datafield>
      <datafield tag="880" ind1=" " ind2="4">
         <subfield code="6">651-09/</subfield>
         <subfield code="a">武汉 (China)</subfield>
         <subfield code="x">Antiquities.</subfield>
      </datafield>
      <datafield tag="880" ind1="1" ind2=" ">
         <subfield code="6">700-10/</subfield>
         <subfield code="a">冯天瑜,</subfield>
         <subfield code="d">1942-</subfield>
         <subfield code="e">editor.</subfield>
      </datafield>
      <datafield tag="880" ind1="1" ind2=" ">
         <subfield code="6">700-11/</subfield>
         <subfield code="a">刘英姿,</subfield>
         <subfield code="d">1965-</subfield>
         <subfield code="e">editor.</subfield>
      </datafield>
      <datafield tag="880" ind1="2" ind2=" ">
         <subfield code="6">710-12/</subfield>
         <subfield code="a">武汉大学.</subfield>
         <subfield code="b">中国传统文化研究中心,</subfield>
         <subfield code="e">editor.</subfield>
      </datafield>
      <datafield tag="880" ind1="2" ind2=" ">
         <subfield code="6">710-13/</subfield>
         <subfield code="a">武汉市国家历史文化名城保护委员会办公室,</subfield>
         <subfield code="e">editor.</subfield>
      </datafield>
      <datafield tag="994" ind1=" " ind2=" ">
         <subfield code="a">Z0</subfield>
         <subfield code="b">ZYU</subfield>
      </datafield>
      <datafield tag="OWN" ind1=" " ind2=" ">
         <subfield code="a">GENERAL</subfield>
      </datafield>
      <datafield tag="AVA" ind1=" " ind2=" ">
         <subfield code="a">NYU50</subfield>
         <subfield code="b">NISAW</subfield>
         <subfield code="c">Large Collection</subfield>
         <subfield code="d">DS797.48.W847 S536 2013</subfield>
         <subfield code="e">available</subfield>
         <subfield code="t">Available</subfield>
         <subfield code="f">1</subfield>
         <subfield code="g">0</subfield>
         <subfield code="h">N</subfield>
         <subfield code="i">0</subfield>
         <subfield code="j">LARGE</subfield>
         <subfield code="k">0</subfield>
      </datafield>
      <marc:datafield tag="852" ind1=" " ind2=" ">
         <marc:subfield code="b">Institute for the Study of the Ancient World, </marc:subfield>
         <marc:subfield code="c">Large Collection</marc:subfield>
         <marc:subfield code="e">15 East 84th St., </marc:subfield>
         <marc:subfield code="e">New York, NY  10028</marc:subfield>
      </marc:datafield>
   </record>