
  
  
  
  
 
  
  <record xsi:schemaLocation="http://www.loc.gov/MARC21/slim http://www.loc.gov/standards/marcxml/schema/MARC21slim.xsd">
      <leader>00000cam  2200541 i 4500</leader>
      <controlfield tag="FMT">BK</controlfield>
      <controlfield tag="LDR">00000cam  2200541 i 4500</controlfield>
      <controlfield tag="001">004160179</controlfield>
      <controlfield tag="003">OCoLC</controlfield>
      <controlfield tag="005">20150716104529.0</controlfield>
      <controlfield tag="008">150716s2013    cc a     b    000 0 chi d</controlfield>
      <datafield tag="020" ind1=" " ind2=" ">
         <subfield code="a">9787030378781</subfield>
      </datafield>
      <datafield tag="020" ind1=" " ind2=" ">
         <subfield code="a">7030378784</subfield>
      </datafield>
      <datafield tag="035" ind1=" " ind2=" ">
         <subfield code="a">(OCoLC)877815696</subfield>
      </datafield>
      <datafield tag="040" ind1=" " ind2=" ">
         <subfield code="a">CNPIT</subfield>
         <subfield code="b">eng</subfield>
         <subfield code="e">rda</subfield>
         <subfield code="c">CNPIT</subfield>
         <subfield code="d">HUA</subfield>
         <subfield code="d">YUS</subfield>
         <subfield code="d">ZYU</subfield>
         <subfield code="d">NNU</subfield>
      </datafield>
      <datafield tag="043" ind1=" " ind2=" ">
         <subfield code="a">ao-----</subfield>
      </datafield>
      <datafield tag="050" ind1=" " ind2="4">
         <subfield code="a">DS793.S642</subfield>
         <subfield code="b">F353 2013</subfield>
      </datafield>
      <datafield tag="066" ind1=" " ind2=" ">
         <subfield code="c">$1</subfield>
      </datafield>
      <datafield tag="100" ind1="1" ind2=" ">
         <subfield code="6">880-01</subfield>
         <subfield code="a">Fan, Yiran,</subfield>
         <subfield code="d">1975-</subfield>
         <subfield code="e">author.</subfield>
      </datafield>
      <datafield tag="245" ind1="1" ind2="0">
         <subfield code="6">880-02</subfield>
         <subfield code="a">Nan Hai kao gu zi liao zheng li yu shu ping /</subfield>
         <subfield code="c">Fan Yiran bian zhu.</subfield>
      </datafield>
      <datafield tag="250" ind1=" " ind2=" ">
         <subfield code="6">880-03</subfield>
         <subfield code="a">Di yi ban.</subfield>
      </datafield>
      <datafield tag="264" ind1=" " ind2="1">
         <subfield code="6">880-04</subfield>
         <subfield code="a">Beijing :</subfield>
         <subfield code="b">Ke xue chu ban she,</subfield>
         <subfield code="c">2013.</subfield>
      </datafield>
      <datafield tag="300" ind1=" " ind2=" ">
         <subfield code="a">vi, 203 pages :</subfield>
         <subfield code="b">color illustrations ;</subfield>
         <subfield code="c">28 cm.</subfield>
      </datafield>
      <datafield tag="336" ind1=" " ind2=" ">
         <subfield code="a">text</subfield>
         <subfield code="2">rdacontent</subfield>
      </datafield>
      <datafield tag="337" ind1=" " ind2=" ">
         <subfield code="a">unmediated</subfield>
         <subfield code="2">rdamedia</subfield>
      </datafield>
      <datafield tag="338" ind1=" " ind2=" ">
         <subfield code="a">volume</subfield>
         <subfield code="2">rdacarrier</subfield>
      </datafield>
      <datafield tag="490" ind1="0" ind2=" ">
         <subfield code="6">880-05</subfield>
         <subfield code="a">Guo jia wen wu ju shui xia wen hua yi chan bao hu zhong xin zhu zuo xi lie ;</subfield>
         <subfield code="v">01</subfield>
      </datafield>
      <datafield tag="504" ind1=" " ind2=" ">
         <subfield code="a">Includes bibliographical references (pages 198-203).</subfield>
      </datafield>
      <datafield tag="520" ind1=" " ind2=" ">
         <subfield code="6">880-06</subfield>
         <subfield code="a">Ben shu shi he wen wu kao gu yu li shi xue zhe yi ji qi ta wen shi, kao gu, hang hai deng xiang guang ren shi can yue. Ben shu can kao ji zi Qin Han yi lai de li shi wen xian, cong Qin Han yi lai de zheng shi, zhuan shu, di fang zhi, li shi yu tu deng zi liao zhong cha zhao you guan Nanhai zhu dao de li shi yan ge, cheng wei ji gui shu bian hua, hang lu ji zai deng li shi xing xi; shou ji jin xian dai xiang guang dang an cai liao, cong jin xian dai de dang an cai liao zhong, cha zhao Nanhai zhu dao de xiang guang zheng duan, gui shu ji qu you guan guo jia xing dong de wen jian, dang an deng; shou ji Nanhai zhu dao de xiang guang kao gu fa xian yu diao cha cheng guo; xi tong shou ji guo nei wai xiang guan yan jiu cheng guo, yi fang mian shou ji you guan Nanhai zhu dao de qi hou, shui wen, chao xi, di li, mao yi, jiao tong shi deng de yan jiu cheng guo, ling yi fang mian shou ji guo nei wai Nanhai yi zhou bian hai yu de cheng chuan zi liao, ye bao kuo bu fen Zhong wai tao ci yan jiu he chu shui wen wu bao hu de cheng guo; dui shang shu cai liao jin xing fen men bie lei de zheng li he jian dang, zai ci ji chu shang wei xi yi bu Nan Hai shui xia wen hua yi chan bao hu gong zuo ti chu gong zuo she xiang he xiang guan jian yi, bing tong guo dui yi wang gong zuo ping gu wei guo jia guan yu Nan Ha de xiang guan zheng ce de zhi ding ti gong zi liao zhe cheng.</subfield>
      </datafield>
      <datafield tag="651" ind1=" " ind2="0">
         <subfield code="a">Islands of the South China Sea</subfield>
         <subfield code="x">Antiquities.</subfield>
      </datafield>
      <datafield tag="651" ind1=" " ind2="0">
         <subfield code="a">South China Sea</subfield>
         <subfield code="x">Antiquities.</subfield>
      </datafield>
      <datafield tag="650" ind1=" " ind2="0">
         <subfield code="a">Excavations (Archaeology)</subfield>
         <subfield code="z">South China Sea.</subfield>
      </datafield>
      <datafield tag="650" ind1=" " ind2="7">
         <subfield code="a">Antiquities.</subfield>
         <subfield code="2">fast</subfield>
         <subfield code="0">(OCoLC)fst00810745</subfield>
      </datafield>
      <datafield tag="650" ind1=" " ind2="7">
         <subfield code="a">Excavations (Archaeology)</subfield>
         <subfield code="2">fast</subfield>
         <subfield code="0">(OCoLC)fst00917564</subfield>
      </datafield>
      <datafield tag="651" ind1=" " ind2="7">
         <subfield code="a">South China Sea.</subfield>
         <subfield code="2">fast</subfield>
         <subfield code="0">(OCoLC)fst01244526</subfield>
      </datafield>
      <datafield tag="651" ind1=" " ind2="7">
         <subfield code="a">South China Sea</subfield>
         <subfield code="z">Islands of the South China Sea.</subfield>
         <subfield code="2">fast</subfield>
         <subfield code="0">(OCoLC)fst01281849</subfield>
      </datafield>
      <datafield tag="880" ind1="1" ind2=" ">
         <subfield code="6">100-01/</subfield>
         <subfield code="a">范依然,</subfield>
         <subfield code="d">1975-</subfield>
         <subfield code="e">author.</subfield>
      </datafield>
      <datafield tag="880" ind1="1" ind2="0">
         <subfield code="6">245-02/</subfield>
         <subfield code="a">南海考古资料整理与述评 /</subfield>
         <subfield code="c">范依然编著.</subfield>
      </datafield>
      <datafield tag="880" ind1=" " ind2=" ">
         <subfield code="6">250-03/</subfield>
         <subfield code="a">第一版.</subfield>
      </datafield>
      <datafield tag="880" ind1=" " ind2="1">
         <subfield code="6">264-04/</subfield>
         <subfield code="a">北京 :</subfield>
         <subfield code="b">科学出版社,</subfield>
         <subfield code="c">2013.</subfield>
      </datafield>
      <datafield tag="880" ind1="0" ind2=" ">
         <subfield code="6">490-05/</subfield>
         <subfield code="a">国家文物局水下文化遗产保护中心著作系列 ;</subfield>
         <subfield code="v">01</subfield>
      </datafield>
      <datafield tag="880" ind1=" " ind2=" ">
         <subfield code="6">520-06/</subfield>
         <subfield code="a">本书适合文物考古与历史学者、海洋学者以及其他文史、考古、航海 等相关人士阅读。参考集自秦汉以来的历史文献，从秦汉以来的正史、专书、地方志、历史舆图等资料中查找关于南海诸岛的历史沿革、称谓及归属变化、航路记载等历史信息；收集近现代相关档案材料，从近现代的档案材料中，查找南海诸岛的相关争端、归属及其有关国家行动的文件、档案等；收集南海诸岛的相关考古发现与调查成果；系统收集国内外相关研究成果，一方面收集关于南海诸岛的气候、水文、潮汐、地理；贸易、交通史等的研究成果，另一方面收集国内外南海及其周边海域的沉船资料，也包括部分中外陶瓷研究和出水文物保护的成果；对上述材料进行分门别类的整理和建档，在此基础上为下一步南海水下文化遗产保护工作提出工作设想和相关建议，并通过对以往工作的评估为国家关于南海的相关政策的制定提供资料支撑。</subfield>
      </datafield>
      <datafield tag="994" ind1=" " ind2=" ">
         <subfield code="a">Z0</subfield>
         <subfield code="b">ZYU</subfield>
      </datafield>
      <datafield tag="OWN" ind1=" " ind2=" ">
         <subfield code="a">GENERAL</subfield>
      </datafield>
      <datafield tag="AVA" ind1=" " ind2=" ">
         <subfield code="a">NYU50</subfield>
         <subfield code="b">NISAW</subfield>
         <subfield code="c">Large Collection</subfield>
         <subfield code="d">DS797.37.N26 F353 2013</subfield>
         <subfield code="e">available</subfield>
         <subfield code="t">Available</subfield>
         <subfield code="f">1</subfield>
         <subfield code="g">0</subfield>
         <subfield code="h">N</subfield>
         <subfield code="i">0</subfield>
         <subfield code="j">LARGE</subfield>
         <subfield code="k">0</subfield>
      </datafield>
      <marc:datafield tag="852" ind1=" " ind2=" ">
         <marc:subfield code="b">Institute for the Study of the Ancient World, </marc:subfield>
         <marc:subfield code="c">Large Collection</marc:subfield>
         <marc:subfield code="e">15 East 84th St., </marc:subfield>
         <marc:subfield code="e">New York, NY  10028</marc:subfield>
      </marc:datafield>
   </record>