
  
  
  
  
 
  
  <record xsi:schemaLocation="http://www.loc.gov/MARC21/slim http://www.loc.gov/standards/marcxml/schema/MARC21slim.xsd">
      <leader>00000cam  2200541 a 4500</leader>
      <controlfield tag="FMT">BK</controlfield>
      <controlfield tag="LDR">00000cam  2200541 a 4500</controlfield>
      <controlfield tag="001">004160409</controlfield>
      <controlfield tag="003">OCoLC</controlfield>
      <controlfield tag="005">20150717112031.0</controlfield>
      <controlfield tag="008">150717s2010    cc a          000 0 chi d</controlfield>
      <datafield tag="010" ind1=" " ind2=" ">
         <subfield code="a">2010426861</subfield>
      </datafield>
      <datafield tag="020" ind1=" " ind2=" ">
         <subfield code="a">9787501028399</subfield>
      </datafield>
      <datafield tag="020" ind1=" " ind2=" ">
         <subfield code="a">7501028397</subfield>
      </datafield>
      <datafield tag="035" ind1=" " ind2=" ">
         <subfield code="a">(OCoLC)727355930</subfield>
      </datafield>
      <datafield tag="040" ind1=" " ind2=" ">
         <subfield code="a">CUY</subfield>
         <subfield code="b">eng</subfield>
         <subfield code="c">CUY</subfield>
         <subfield code="d">DLC</subfield>
         <subfield code="d">OCLCF</subfield>
         <subfield code="d">OCLCO</subfield>
         <subfield code="d">ZYU</subfield>
         <subfield code="d">NNU</subfield>
      </datafield>
      <datafield tag="041" ind1="0" ind2=" ">
         <subfield code="a">chi</subfield>
         <subfield code="a">eng</subfield>
      </datafield>
      <datafield tag="042" ind1=" " ind2=" ">
         <subfield code="a">lccopycat</subfield>
      </datafield>
      <datafield tag="043" ind1=" " ind2=" ">
         <subfield code="a">a-cc-su</subfield>
      </datafield>
      <datafield tag="050" ind1="0" ind2="0">
         <subfield code="a">GT1555</subfield>
         <subfield code="b">.G7923 2010</subfield>
      </datafield>
      <datafield tag="066" ind1=" " ind2=" ">
         <subfield code="c">$1</subfield>
      </datafield>
      <datafield tag="245" ind1="0" ind2="0">
         <subfield code="6">880-01</subfield>
         <subfield code="a">Gu dai Xiyu fu shi xie cui =</subfield>
         <subfield code="b">Costume essence in ancient western regions /</subfield>
         <subfield code="c">Xinjiang Weiwu'er Zizhiqu bo wu guan bian.</subfield>
      </datafield>
      <datafield tag="246" ind1="3" ind2="1">
         <subfield code="a">Costume essence in ancient western regions</subfield>
      </datafield>
      <datafield tag="250" ind1=" " ind2=" ">
         <subfield code="6">880-02</subfield>
         <subfield code="a">Di 1 ban.</subfield>
      </datafield>
      <datafield tag="260" ind1=" " ind2=" ">
         <subfield code="6">880-03</subfield>
         <subfield code="a">Beijing :</subfield>
         <subfield code="b">Wen wu chu ban she,</subfield>
         <subfield code="c">2010.</subfield>
      </datafield>
      <datafield tag="300" ind1=" " ind2=" ">
         <subfield code="a">[1], 149 p. :</subfield>
         <subfield code="b">col. ill. ;</subfield>
         <subfield code="c">29 cm.</subfield>
      </datafield>
      <datafield tag="546" ind1=" " ind2=" ">
         <subfield code="a">Preface also in English.</subfield>
      </datafield>
      <datafield tag="520" ind1=" " ind2=" ">
         <subfield code="6">880-04</subfield>
         <subfield code="a">Ben tu lu jing xuan le Xinjiang Weiwuer Zizhiqu bo wu guan zhen cang de gu dai Xi yu shi qi de fu zhuang he shi pin deng zhen gui wen wu 140 yu jian, jiao wei xiang jin de xiang wo men zhan shi le si lu Xi yu wen hua. Fen "Nuan qiu mao he qiao zhuang ban-Xi yu xian Qin fu shi", "Jin bo su mian dian ya fen zi-Xi yu Han Jin fu shi", "Wan qian wei yi yong rong qi fu-Xi yu Sui Tang Wu dai fu shi", "Huihu feng fan Meng Yuan yin zi-Xi yu Song Yuan fu shi", "Si lu qi ba min zu gui bao-Xi yu Ming Qing fu shi" wu ge bu fen.</subfield>
      </datafield>
      <datafield tag="650" ind1=" " ind2="0">
         <subfield code="a">Costume</subfield>
         <subfield code="z">China</subfield>
         <subfield code="z">Xinjiang Uygur Zizhiqu.</subfield>
      </datafield>
      <datafield tag="650" ind1=" " ind2="0">
         <subfield code="a">Costume</subfield>
         <subfield code="z">China</subfield>
         <subfield code="z">Xinjiang Uygur Zizhiqu</subfield>
         <subfield code="v">Pictorial works.</subfield>
      </datafield>
      <datafield tag="650" ind1=" " ind2="0">
         <subfield code="a">Minorities</subfield>
         <subfield code="x">Clothing</subfield>
         <subfield code="z">China</subfield>
         <subfield code="z">Xinjiang Uygur Zizhiqu.</subfield>
      </datafield>
      <datafield tag="650" ind1=" " ind2="0">
         <subfield code="a">Minorities</subfield>
         <subfield code="x">Clothing</subfield>
         <subfield code="z">China</subfield>
         <subfield code="z">Xinjiang Uygur Zizhiqu</subfield>
         <subfield code="v">Pictorial works.</subfield>
      </datafield>
      <datafield tag="650" ind1=" " ind2="0">
         <subfield code="a">Costume</subfield>
         <subfield code="z">China</subfield>
         <subfield code="x">History.</subfield>
      </datafield>
      <datafield tag="650" ind1=" " ind2="7">
         <subfield code="a">Costume.</subfield>
         <subfield code="2">fast</subfield>
         <subfield code="0">(OCoLC)fst00880759</subfield>
      </datafield>
      <datafield tag="650" ind1=" " ind2="7">
         <subfield code="a">Minorities</subfield>
         <subfield code="x">Clothing.</subfield>
         <subfield code="2">fast</subfield>
         <subfield code="0">(OCoLC)fst01023102</subfield>
      </datafield>
      <datafield tag="651" ind1=" " ind2="7">
         <subfield code="a">China.</subfield>
         <subfield code="2">fast</subfield>
         <subfield code="0">(OCoLC)fst01206073</subfield>
      </datafield>
      <datafield tag="651" ind1=" " ind2="7">
         <subfield code="a">China</subfield>
         <subfield code="z">Xinjiang Uygur Zizhiqu.</subfield>
         <subfield code="2">fast</subfield>
         <subfield code="0">(OCoLC)fst01212006</subfield>
      </datafield>
      <datafield tag="655" ind1=" " ind2="7">
         <subfield code="a">History.</subfield>
         <subfield code="2">fast</subfield>
         <subfield code="0">(OCoLC)fst01411628</subfield>
      </datafield>
      <datafield tag="655" ind1=" " ind2="7">
         <subfield code="a">Pictorial works.</subfield>
         <subfield code="2">fast</subfield>
         <subfield code="0">(OCoLC)fst01423874</subfield>
      </datafield>
      <datafield tag="710" ind1="2" ind2=" ">
         <subfield code="6">880-05</subfield>
         <subfield code="a">Xinjiang Weiwu'er Zizhiqu bo wu guan.</subfield>
      </datafield>
      <datafield tag="880" ind1="0" ind2="0">
         <subfield code="6">245-01/</subfield>
         <subfield code="a">古代西域服饰撷萃 =</subfield>
         <subfield code="b">Costume essence in ancient western regions /</subfield>
         <subfield code="c">新疆维吾尔自治区博物馆编.</subfield>
      </datafield>
      <datafield tag="880" ind1=" " ind2=" ">
         <subfield code="6">250-02/</subfield>
         <subfield code="a">第 1 版.</subfield>
      </datafield>
      <datafield tag="880" ind1=" " ind2=" ">
         <subfield code="6">260-03/</subfield>
         <subfield code="a">北京 :</subfield>
         <subfield code="b">文物出版社,</subfield>
         <subfield code="c">2010.</subfield>
      </datafield>
      <datafield tag="880" ind1=" " ind2=" ">
         <subfield code="6">520-04/</subfield>
         <subfield code="a">本图录精选了新疆维吾尔自治区博物馆珍藏的古代西域个时期的服装和饰品等珍贵文物140余件, 较为详尽地向我们展示了丝路西域文化. 分"暖裘毛褐巧装扮-西域先秦服饰", "锦帛素棉典雅风姿-西域汉晋服饰", "万千威仪雍容气度-西域隋唐五代服饰", "回鹘风范蒙元英姿-西域宋元服饰", "丝路奇葩民族瑰宝-西域明清服饰"五个部分.</subfield>
      </datafield>
      <datafield tag="880" ind1="2" ind2=" ">
         <subfield code="6">710-05/</subfield>
         <subfield code="a">新疆维吾尔自治区博物馆.</subfield>
      </datafield>
      <datafield tag="994" ind1=" " ind2=" ">
         <subfield code="a">Z0</subfield>
         <subfield code="b">ZYU</subfield>
      </datafield>
      <datafield tag="OWN" ind1=" " ind2=" ">
         <subfield code="a">GENERAL</subfield>
      </datafield>
      <datafield tag="AVA" ind1=" " ind2=" ">
         <subfield code="a">NYU50</subfield>
         <subfield code="b">NISAW</subfield>
         <subfield code="c">Large Collection</subfield>
         <subfield code="d">GT1555 .G7923 2010</subfield>
         <subfield code="e">available</subfield>
         <subfield code="t">Available</subfield>
         <subfield code="f">1</subfield>
         <subfield code="g">0</subfield>
         <subfield code="h">N</subfield>
         <subfield code="i">0</subfield>
         <subfield code="j">LARGE</subfield>
         <subfield code="k">0</subfield>
      </datafield>
      <marc:datafield tag="852" ind1=" " ind2=" ">
         <marc:subfield code="b">Institute for the Study of the Ancient World, </marc:subfield>
         <marc:subfield code="c">Large Collection</marc:subfield>
         <marc:subfield code="e">15 East 84th St., </marc:subfield>
         <marc:subfield code="e">New York, NY  10028</marc:subfield>
      </marc:datafield>
   </record>