
  
  
  
  
  
  
  
 
  
  <record xsi:schemaLocation="http://www.loc.gov/MARC21/slim http://www.loc.gov/standards/marcxml/schema/MARC21slim.xsd">
      <leader>00000cam  2200505 a 4500</leader>
      <controlfield tag="FMT">BK</controlfield>
      <controlfield tag="LDR">00000cam  2200505 a 4500</controlfield>
      <controlfield tag="001">004161397</controlfield>
      <controlfield tag="003">OCoLC</controlfield>
      <controlfield tag="005">20150721163617.0</controlfield>
      <controlfield tag="008">150721s2010    cc ab    b    100 0 chi d</controlfield>
      <datafield tag="020" ind1=" " ind2=" ">
         <subfield code="a">9787501030354</subfield>
      </datafield>
      <datafield tag="020" ind1=" " ind2=" ">
         <subfield code="a">7501030359</subfield>
      </datafield>
      <datafield tag="020" ind1=" " ind2=" ">
         <subfield code="z">9787201030354</subfield>
      </datafield>
      <datafield tag="020" ind1=" " ind2=" ">
         <subfield code="a">7201030353</subfield>
      </datafield>
      <datafield tag="020" ind1=" " ind2=" ">
         <subfield code="a">9787201030357</subfield>
      </datafield>
      <datafield tag="035" ind1=" " ind2=" ">
         <subfield code="a">(OCoLC)707398026</subfield>
         <subfield code="z">(OCoLC)701796063</subfield>
      </datafield>
      <datafield tag="040" ind1=" " ind2=" ">
         <subfield code="a">EYM</subfield>
         <subfield code="b">eng</subfield>
         <subfield code="c">EYM</subfield>
         <subfield code="d">BCBTC</subfield>
         <subfield code="d">WAU</subfield>
         <subfield code="d">EYM</subfield>
         <subfield code="d">OCLCQ</subfield>
         <subfield code="d">OCLCF</subfield>
         <subfield code="d">OCLCO</subfield>
         <subfield code="d">NNU</subfield>
      </datafield>
      <datafield tag="043" ind1=" " ind2=" ">
         <subfield code="a">a-cc---</subfield>
      </datafield>
      <datafield tag="050" ind1=" " ind2="4">
         <subfield code="a">DS715</subfield>
         <subfield code="b">.C5367 2010</subfield>
      </datafield>
      <datafield tag="066" ind1=" " ind2=" ">
         <subfield code="c">$1</subfield>
      </datafield>
      <datafield tag="110" ind1="2" ind2=" ">
         <subfield code="6">880-01</subfield>
         <subfield code="a">Zhongguo kao gu xue hui.</subfield>
         <subfield code="b">Nian hui</subfield>
         <subfield code="n">(11th :</subfield>
         <subfield code="d">2008 :</subfield>
         <subfield code="c">Beijing, China)</subfield>
      </datafield>
      <datafield tag="245" ind1="1" ind2="0">
         <subfield code="6">880-02</subfield>
         <subfield code="a">Zhongguo kao gu xue hui di 11 ci nian hui lun wen ji.</subfield>
         <subfield code="n">2008 /</subfield>
         <subfield code="c">Zhongguo kao gu xue hui bian ; [Zhu Naicheng zhu bian].</subfield>
      </datafield>
      <datafield tag="250" ind1=" " ind2=" ">
         <subfield code="6">880-03</subfield>
         <subfield code="a">Di 1 ban.</subfield>
      </datafield>
      <datafield tag="260" ind1=" " ind2=" ">
         <subfield code="6">880-04</subfield>
         <subfield code="a">Beijing Shi :</subfield>
         <subfield code="b">Wen wu chu ban she,</subfield>
         <subfield code="c">2010.</subfield>
      </datafield>
      <datafield tag="300" ind1=" " ind2=" ">
         <subfield code="a">2, 272 p. :</subfield>
         <subfield code="b">ill., map ;</subfield>
         <subfield code="c">26 cm.</subfield>
      </datafield>
      <datafield tag="500" ind1=" " ind2=" ">
         <subfield code="6">880-05</subfield>
         <subfield code="a">Zhongguo kao gu xue hui di 5 jie hui yuan dai biao da hui ji di 11 ci nian hui yu 2008 nian 10 yue 22 ri zhi 26 ri zai Beijing zhao kai; hui yi de zhong xin yi ti shi "gai ge kai fang 30 nian lai de Zhongguo kao gu xue."</subfield>
      </datafield>
      <datafield tag="505" ind1="0" ind2="0">
         <subfield code="6">880-06</subfield>
         <subfield code="t">Gai ge kai fang yi lai Zhongguo xin shi qi shi dai kao gu yan jiu de hui gu yu si kao /</subfield>
         <subfield code="r">Zhao Chunqing --</subfield>
         <subfield code="t">Gai ge kai fang 30 nian lai Huang He shang you di qu shi qian kao gu xin jin zhan gai shu /</subfield>
         <subfield code="r">Ye Maolin --</subfield>
         <subfield code="t">Zhejiang xin shi qi shi dai kao gu /</subfield>
         <subfield code="r">Liu Bin --</subfield>
         <subfield code="t">Guangxi shi qian kao gu xin jin zhan /</subfield>
         <subfield code="r">Wei Jiang --</subfield>
         <subfield code="t">Hainan Dao shi qian yi zhi de lei xing he ji ben te zheng /</subfield>
         <subfield code="r">Qiu Gang --</subfield>
         <subfield code="t">Cheng qian, chuang xin, tu po, zhan wang: san dai zhu yao zhong xin xing cheng zhi kao gu 30 nian /</subfield>
         <subfield code="r">Xu Lianggao, Xu Hong, He Nu --</subfield>
         <subfield code="t">Gai ge kai fang 30 nian lai de Yin mi min wen ti yan jiu /</subfield>
         <subfield code="r">Yin Qun --</subfield>
         <subfield code="t">Anhui Jianghuai Diqu Zhou dai fang guo wen hua de fa xian yu yan jiu /</subfield>
         <subfield code="r">Yang Lixin --</subfield>
         <subfield code="t">Gai ge kai fang 30 nian lai Han Wei Luoyang cheng de kao gu shou huo /</subfield>
         <subfield code="r">Qian Guoxiang, Xiao Huaiyan, Guo Xiaotao --</subfield>
         <subfield code="t">Gai ge kai fang 30 nian lai de Heilongjiang kao gu /</subfield>
         <subfield code="r">Li Chenqi, Zhang Wei, Zhao Yongjun --</subfield>
         <subfield code="t">Gai ge kai fang 30 nian de Henan kao gu /</subfield>
         <subfield code="r">Yang Yubing --</subfield>
         <subfield code="t">Kao gu fa xian yu gu yu yan jiu: yi jin 30 nian lai shi qian yu qi yan jiu de dong tai wei zhong xin /</subfield>
         <subfield code="r">Yang Jin --</subfield>
         <subfield code="t">30 nian lai Zhongguo ci qi kao gu de xin jin zhan /</subfield>
         <subfield code="r">Sun Xinmin --</subfield>
         <subfield code="t">Zhongguo hai yang kao gu xue de fa zhan /</subfield>
         <subfield code="r">Wu Chunmin --</subfield>
         <subfield code="t">Jin 30 nian gu wen zi yan jiu de xin jin zhan /</subfield>
         <subfield code="r">Fen Shi</subfield>
      </datafield>
      <datafield tag="505" ind1="0" ind2="0">
         <subfield code="6">880-07</subfield>
         <subfield code="t">Kao gu, we hua yi chan bao hu yi ti hua mo shi: gai ge kai fang yi lai Zhongguo she hui ke xue yuan kao gu yan jiu suo wen hua yi chan bao hu gong zuo /</subfield>
         <subfield code="r">Du Jinpeng, Wang Xuerong --</subfield>
         <subfield code="t">Chu qi Yangshao wen hua yan jiu /</subfield>
         <subfield code="r">Han Jianye --</subfield>
         <subfield code="t">Xia Liao He liu yu xin shi qi wen hua tao qi fen qun ji xiang guan wen ti /</subfield>
         <subfield code="r">Zhang Xingde --</subfield>
         <subfield code="t">Guan yu Minle Donghuishan yi zhi tan hua nong zuo wu nian dai de ding zheng /</subfield>
         <subfield code="r">Xu Yongjie --</subfield>
         <subfield code="t">Lu Bi Bo ding ming wen de you guan wen ti /</subfield>
         <subfield code="r">Zhang Tian'en --</subfield>
         <subfield code="t">Huai He liu yu Chun qiu shi qi Zhongli guo mu zang de fa xian yu jia zhi /</subfield>
         <subfield code="r">Kan Xuhang, Zhou Qun, Qian Renfa --</subfield>
         <subfield code="t">Ou Ya cao yuan shi qian kao gu 30 nian /</subfield>
         <subfield code="r">Yang Jianhua --</subfield>
         <subfield code="t">Xian dai wu ji yuan su fen xi ji shu zai kao gu xue yan jiu zhong ying yong de hui gu yu zhan wang /</subfield>
         <subfield code="r">Zhao Chunyan --</subfield>
         <subfield code="t">We Juxian dui Chang Jiang san jiao zhou kao gu de gong xian /</subfield>
         <subfield code="r">Zhang Tongxin --</subfield>
         <subfield code="t">Riben kao gu xue chuan bo xian zhuang: jian tan Zhongguo kao gu xue chuan bo /</subfield>
         <subfield code="r">Luo Erhu --</subfield>
         <subfield code="t">Zhejiang Diqu shi qian ke hua fu hao gai shu /</subfield>
         <subfield code="r">Cao Jinyan, Fang Xiangmin.</subfield>
      </datafield>
      <datafield tag="651" ind1=" " ind2="0">
         <subfield code="a">China</subfield>
         <subfield code="x">Antiquities</subfield>
         <subfield code="v">Congresses.</subfield>
      </datafield>
      <datafield tag="650" ind1=" " ind2="7">
         <subfield code="a">Antiquities.</subfield>
         <subfield code="2">fast</subfield>
         <subfield code="0">(OCoLC)fst00810745</subfield>
      </datafield>
      <datafield tag="651" ind1=" " ind2="7">
         <subfield code="a">China.</subfield>
         <subfield code="2">fast</subfield>
         <subfield code="0">(OCoLC)fst01206073</subfield>
      </datafield>
      <datafield tag="655" ind1=" " ind2="7">
         <subfield code="a">Conference proceedings.</subfield>
         <subfield code="2">fast</subfield>
         <subfield code="0">(OCoLC)fst01423772</subfield>
      </datafield>
      <datafield tag="700" ind1="1" ind2=" ">
         <subfield code="6">880-08</subfield>
         <subfield code="a">Zhu, Naicheng.</subfield>
      </datafield>
      <datafield tag="880" ind1="2" ind2=" ">
         <subfield code="6">110-01/</subfield>
         <subfield code="a">中国考古学会.</subfield>
         <subfield code="b">年会</subfield>
         <subfield code="n">(11th :</subfield>
         <subfield code="d">2008 :</subfield>
         <subfield code="c">北京, China)</subfield>
      </datafield>
      <datafield tag="880" ind1="1" ind2="0">
         <subfield code="6">245-02/</subfield>
         <subfield code="a">中国考古学会第11次年会论文集.</subfield>
         <subfield code="n">2008 /</subfield>
         <subfield code="c">中国考古学会编 ; [朱乃诚主编].</subfield>
      </datafield>
      <datafield tag="880" ind1=" " ind2=" ">
         <subfield code="6">250-03/</subfield>
         <subfield code="a">第1版.</subfield>
      </datafield>
      <datafield tag="880" ind1=" " ind2=" ">
         <subfield code="6">260-04/</subfield>
         <subfield code="a">北京市 :</subfield>
         <subfield code="b">文物出版社,</subfield>
         <subfield code="c">2010.</subfield>
      </datafield>
      <datafield tag="880" ind1=" " ind2=" ">
         <subfield code="6">500-05/</subfield>
         <subfield code="a">中国考古学会第5屆会员代表大会暨第11次年会于2008年10月22日至26日在北京召开; 会议的中心议题是 "改革开放30年来的中国考古学."</subfield>
      </datafield>
      <datafield tag="880" ind1="0" ind2="0">
         <subfield code="6">505-06/</subfield>
         <subfield code="t">改革开放以来中国新石器时代考古研究的回顾与思考 /</subfield>
         <subfield code="r">赵春青 --</subfield>
         <subfield code="t">改革开放30年来黄河上游地区史前考古新进展概述 /</subfield>
         <subfield code="r">叶茂林 --</subfield>
         <subfield code="t">浙江新石器时代考古 /</subfield>
         <subfield code="r">刘斌 --</subfield>
         <subfield code="t">广西史前考古新进展 /</subfield>
         <subfield code="r">韦江 --</subfield>
         <subfield code="t">海南岛史前遗址的类型和基本特征 /</subfield>
         <subfield code="r">丘刚 --</subfield>
         <subfield code="t">承前, 创新, 突破, 展望: 三代主要中心性城址考古30年 /</subfield>
         <subfield code="r">徐良高, 许宏, 何驽 --</subfield>
         <subfield code="t">改革开放30年来的殷遗民问题研究 /</subfield>
         <subfield code="r">印群 --</subfield>
         <subfield code="t">安徽江淮地区周代方国文化的发现与研究 /</subfield>
         <subfield code="r">杨立新 --</subfield>
         <subfield code="t">改革开放30年来汉魏洛阳城的考古收获 /</subfield>
         <subfield code="r">钱国祥, 肖淮雁, 郭晓涛 --</subfield>
         <subfield code="t">改革开放30年来的黑龙江考古 /</subfield>
         <subfield code="r">李陈奇, 张伟, 赵永军 --</subfield>
         <subfield code="t">改革开放30年的河南考古 /</subfield>
         <subfield code="r">杨育彬 --</subfield>
         <subfield code="t">考古发现与古玉研究: 以近30年来史前玉器研究的动态为重心 /</subfield>
         <subfield code="r">杨晶 --</subfield>
         <subfield code="t">30年来中国瓷器考古的新进展 /</subfield>
         <subfield code="r">孙新民 --</subfield>
         <subfield code="t">中国海洋考古学的发展 /</subfield>
         <subfield code="r">吴春明 --</subfield>
         <subfield code="t">近30年古文字研究的新进展 /</subfield>
         <subfield code="r">冯时</subfield>
      </datafield>
      <datafield tag="880" ind1="0" ind2="0">
         <subfield code="6">505-07/</subfield>
         <subfield code="t">考古・文化遗产保护一体化模式: 改革开放以来中国社会科学院考古研究所文化遗产保护工作 /</subfield>
         <subfield code="r">杜金鹏, 王学荣 --</subfield>
         <subfield code="t">初期仰韶文化研究 /</subfield>
         <subfield code="r">韩建业 --</subfield>
         <subfield code="t">下辽河流域新石器文化陶器分群及相关问题 /</subfield>
         <subfield code="r">张星德 --</subfield>
         <subfield code="t">关于民乐东灰山遗址炭化农作物年代的订正 /</subfield>
         <subfield code="r">许永杰 --</subfield>
         <subfield code="t">论毕伯鼎铭文的有关问题 /</subfield>
         <subfield code="r">张天恩 --</subfield>
         <subfield code="t">淮河流域春秋时期钟离国墓葬的发现与价值 /</subfield>
         <subfield code="r">阚绪杭, 周群, 钱仁发 --</subfield>
         <subfield code="t">欧亚草原史前考古30年 /</subfield>
         <subfield code="r">杨建华 --</subfield>
         <subfield code="t">现代无机元素分析技术在考古学研究中应用的回顾与展望 /</subfield>
         <subfield code="r">赵春燕 --</subfield>
         <subfield code="t">卫聚贤对长江三角洲考古的贡献 /</subfield>
         <subfield code="r">张童心 --</subfield>
         <subfield code="t">日本考古学传播现状: 兼谈中国考古学传播 /</subfield>
         <subfield code="r">罗二虎 --</subfield>
         <subfield code="t">浙江地区史前刻画符号概述 /</subfield>
         <subfield code="r">曹锦炎, 方向明.</subfield>
      </datafield>
      <datafield tag="880" ind1="1" ind2=" ">
         <subfield code="6">700-08/</subfield>
         <subfield code="a">朱乃诚.</subfield>
      </datafield>
      <datafield tag="994" ind1=" " ind2=" ">
         <subfield code="a">Z0</subfield>
         <subfield code="b">ZYU</subfield>
      </datafield>
      <datafield tag="OWN" ind1=" " ind2=" ">
         <subfield code="a">GENERAL</subfield>
      </datafield>
      <datafield tag="AVA" ind1=" " ind2=" ">
         <subfield code="a">NYU50</subfield>
         <subfield code="b">NISAW</subfield>
         <subfield code="c">Small Collection</subfield>
         <subfield code="d">DS715 .C5367 2010</subfield>
         <subfield code="e">available</subfield>
         <subfield code="t">Available</subfield>
         <subfield code="f">1</subfield>
         <subfield code="g">0</subfield>
         <subfield code="h">N</subfield>
         <subfield code="i">0</subfield>
         <subfield code="j">SMALL</subfield>
         <subfield code="k">0</subfield>
      </datafield>
      <marc:datafield tag="852" ind1=" " ind2=" ">
         <marc:subfield code="b">Institute for the Study of the Ancient World, </marc:subfield>
         <marc:subfield code="c">Small Collection</marc:subfield>
         <marc:subfield code="e">15 East 84th St., </marc:subfield>
         <marc:subfield code="e">New York, NY  10028</marc:subfield>
      </marc:datafield>
   </record>