
  
  
  
  
  
 
  
  <record xsi:schemaLocation="http://www.loc.gov/MARC21/slim http://www.loc.gov/standards/marcxml/schema/MARC21slim.xsd">
      <leader>00000cam  2200637 a 4500</leader>
      <controlfield tag="FMT">BK</controlfield>
      <controlfield tag="LDR">00000cam  2200637 a 4500</controlfield>
      <controlfield tag="001">004161510</controlfield>
      <controlfield tag="003">OCoLC</controlfield>
      <controlfield tag="005">20150722153234.0</controlfield>
      <controlfield tag="008">150722s2012    cc a     b    100 0 chi d</controlfield>
      <datafield tag="010" ind1=" " ind2=" ">
         <subfield code="a">2012413813</subfield>
      </datafield>
      <datafield tag="020" ind1=" " ind2=" ">
         <subfield code="a">9787501034062</subfield>
      </datafield>
      <datafield tag="020" ind1=" " ind2=" ">
         <subfield code="a">7501034060</subfield>
      </datafield>
      <datafield tag="035" ind1=" " ind2=" ">
         <subfield code="a">(OCoLC)779696699</subfield>
      </datafield>
      <datafield tag="040" ind1=" " ind2=" ">
         <subfield code="a">BCBTC</subfield>
         <subfield code="b">eng</subfield>
         <subfield code="c">BCBTC</subfield>
         <subfield code="d">DLC</subfield>
         <subfield code="d">HUA</subfield>
         <subfield code="d">OCLCF</subfield>
         <subfield code="d">OCLCO</subfield>
         <subfield code="d">ZYU</subfield>
         <subfield code="d">NNU</subfield>
      </datafield>
      <datafield tag="042" ind1=" " ind2=" ">
         <subfield code="a">lccopycat</subfield>
      </datafield>
      <datafield tag="043" ind1=" " ind2=" ">
         <subfield code="a">a-cc---</subfield>
      </datafield>
      <datafield tag="050" ind1="0" ind2="0">
         <subfield code="a">DS793.S6445</subfield>
         <subfield code="b">C327 2011</subfield>
      </datafield>
      <datafield tag="066" ind1=" " ind2=" ">
         <subfield code="c">$1</subfield>
      </datafield>
      <datafield tag="111" ind1="2" ind2=" ">
         <subfield code="6">880-01</subfield>
         <subfield code="a">Cha ma gu dao wen hua yi chan bao hu (Ya'an) yan tao hui</subfield>
         <subfield code="d">(2011 :</subfield>
         <subfield code="c">Ya'an, China)</subfield>
      </datafield>
      <datafield tag="245" ind1="1" ind2="0">
         <subfield code="6">880-02</subfield>
         <subfield code="a">Bian cha Zang ma :</subfield>
         <subfield code="b">Cha ma gu dao wen hua yi chan bao hu (Ya'an) yan tao hui lun wen ji /</subfield>
         <subfield code="c">Ya'an Shi ren min zheng fu, Sichuan Sheng wen wu guan li ju bian.</subfield>
      </datafield>
      <datafield tag="246" ind1="3" ind2="0">
         <subfield code="6">880-03</subfield>
         <subfield code="a">Cha ma gu dao wen hua yi chan bao hu (Ya'an) yan tao hui lun wen ji</subfield>
      </datafield>
      <datafield tag="250" ind1=" " ind2=" ">
         <subfield code="6">880-04</subfield>
         <subfield code="a">Di 1 ban.</subfield>
      </datafield>
      <datafield tag="260" ind1=" " ind2=" ">
         <subfield code="6">880-05</subfield>
         <subfield code="a">Beijing :</subfield>
         <subfield code="b">Wen wu chu ban she,</subfield>
         <subfield code="c">2012.</subfield>
      </datafield>
      <datafield tag="300" ind1=" " ind2=" ">
         <subfield code="a">2, 2, 1, 243 p. :</subfield>
         <subfield code="b">col. ill. ;</subfield>
         <subfield code="c">29 cm.</subfield>
      </datafield>
      <datafield tag="500" ind1=" " ind2=" ">
         <subfield code="a">Proceedings of "Cha ma gu dao wen hua yi chan bao hu (Ya'an) yan tao hui," held in Ya'an, Aug. 21, 2011.</subfield>
      </datafield>
      <datafield tag="504" ind1=" " ind2=" ">
         <subfield code="a">Includes bibliographical references (p. 225-232).</subfield>
      </datafield>
      <datafield tag="505" ind1="0" ind2="0">
         <subfield code="6">880-06</subfield>
         <subfield code="t">Bao hu zhen gui yi zhan zao fu Yaan bai xing (Xu yi) /</subfield>
         <subfield code="r">Xu Mengjia --</subfield>
         <subfield code="t">Cang sang gu dao qing xi gao yuan (Xu er) /</subfield>
         <subfield code="r">Wang Qiong --</subfield>
         <subfield code="t">Cha ma gu dao wen hua yi chan bao hu (Yaan) gong shi; Bao hu qian nian gu dao chuan cheng Zhonghua wen ming: zai Cha ma gu dao wen hua yi chan bao hu (Yaan) yan tao hui shang de jiang hua /</subfield>
         <subfield code="r">Shan Jixiang --</subfield>
         <subfield code="t">"Cha ma gu dao" wen hua xian lu de ji ge wen ti /</subfield>
         <subfield code="r">Sun Hua --</subfield>
         <subfield code="t">Chuan Zang gu cha dao xing cheng guo cheng /</subfield>
         <subfield code="r">Jia Daquan --</subfield>
         <subfield code="t">Zhongguo zui zao de Cha ma gu dao: Chuan Gan, Chuan Qing dao /</subfield>
         <subfield code="r">Li Jiaguang --</subfield>
         <subfield code="t">Gan wen lu zai he fang: dui nan fang si chou zhi lu (Cha ma gu dao) Ying Jing duan de tui kao /</subfield>
         <subfield code="r">Zhou Anyong --</subfield>
         <subfield code="t">Song Ming Qing shi qi Cha ma gu dao xian lu chu tan /</subfield>
         <subfield code="r">Wang Xiaoyan --</subfield>
         <subfield code="t">Cha ma gu dao yu Cha ma gu dao wen hua /</subfield>
         <subfield code="r">Ren Xinjian --</subfield>
         <subfield code="t">Chuan Zang Cha ma gu dao shang de Sichuan bian cha /</subfield>
         <subfield code="r">Qi Guinian --</subfield>
         <subfield code="t">Longmeng Shan di qu cha ye yu gu dai cha ma hu shi chu tan /</subfield>
         <subfield code="r">Peng Bangben --</subfield>
         <subfield code="t">He jun zun jain ge shi ke de fa xian ji qi yi yi /</subfield>
         <subfield code="r">Li Bingzhong, Pan Hongbing, Gau Jungang --</subfield>
         <subfield code="t">Ba Qulai Fukangqiao gong de bei /</subfield>
         <subfield code="r">Chen Jian --</subfield>
         <subfield code="t">Cha ye yu zao qi dong fang cheng zhen de fa zhan /</subfield>
         <subfield code="r">Ling Wenfeng --</subfield>
         <subfield code="t">Yaan yu Cha ma gu dao /</subfield>
         <subfield code="r">Jiang Yuxiang --</subfield>
         <subfield code="t">Zang cha de qi yu an he jin hua /</subfield>
         <subfield code="r">Li Chaogui, Li Gengdong --</subfield>
         <subfield code="t">Cong Cha ma gu dao tan "Zang cha Han yin" /</subfield>
         <subfield code="r">Gan Yuxiang --</subfield>
         <subfield code="t">Tang dai Tubo yin cha he han Zang Cha ma gu dao de zhu si ma ji /</subfield>
         <subfield code="r">Zheng Xuemeng --</subfield>
         <subfield code="t">Song dai Chengdu Pingyuan kao gu fa xian de cha ju yu yin cha xi su: bing lüe tan Chuan Shan si lu de cha ye mao yi /</subfield>
         <subfield code="r">Huang Xiaofeng</subfield>
      </datafield>
      <datafield tag="505" ind1="0" ind2="0">
         <subfield code="6">880-07</subfield>
         <subfield code="t">Tan biao xiao cha de li shi di wei he chan xiao ge ju /</subfield>
         <subfield code="r">Mei Yu --</subfield>
         <subfield code="t">Nan lu bian cha yu Xizang /</subfield>
         <subfield code="r">Yang Shaohuai --</subfield>
         <subfield code="t">Bian cha yu bian zheng /</subfield>
         <subfield code="r">Zhou Chonglin --</subfield>
         <subfield code="t">Cha ye yu bian jiang kai fa: cong Yunnan sheng jing ji min zhong de shi ying kai kan /</subfield>
         <subfield code="r">Ling Wenfeng, Yang Jingqian --</subfield>
         <subfield code="t">Cha ma gu dao dui Kang dong she hui wen hua de ying xiang: yi Sichuan Luding Lan'an, Kangding yu tong wei li /</subfield>
         <subfield code="r">Guo Jianxun --</subfield>
         <subfield code="t">Nan si lu shang de zao qi jin shu gong ye /</subfield>
         <subfield code="r">Zhou Zhiqing --</subfield>
         <subfield code="t">Qian yi Chuan Zang Cha ma gu dao de li shi di wei yu wen hua chuan cheng /</subfield>
         <subfield code="r">Yang Rui, Qi Guinian --</subfield>
         <subfield code="t">Cha ma gu dao shang bei fu de li shi zuo yong yu xian shi yi yi /</subfield>
         <subfield code="r">Li Xidong --</subfield>
         <subfield code="t">Tianquan tu si zai cha ma mao yi zhong de li shi zuo wei /</subfield>
         <subfield code="r">Jiang Hanping --</subfield>
         <subfield code="t">Cha ma gu dao shang de sheng si /</subfield>
         <subfield code="r">Feng Mingzhu --</subfield>
         <subfield code="t">/sichuan Cha am gu dao lu wang xi tong ji qi wen hua yu lu you zi yuan jia zhi tan tao /</subfield>
         <subfield code="r">La Mingying --</subfield>
         <subfield code="t">Chuan xing zai Cha ma gu dao shang de Ying guo zhi wu xue jia: Weerxun de wu ci Yaan zhi xing /</subfield>
         <subfield code="r">Ying Kaipu --</subfield>
         <subfield code="t">Sun Mingjing 1939 nian de Cha ma gu dao ying xiang kao cha /</subfield>
         <subfield code="r">Sun Jiansan --</subfield>
         <subfield code="t">Cong Kongdao da dao Tianzhu tong qu: kao cha Chuan Zang da dao ji shi /</subfield>
         <subfield code="r">Liu Qinjin --</subfield>
         <subfield code="t">Cha ma gu dao wen hua kao cha ji xing /</subfield>
         <subfield code="r">Siqiyoufeng --</subfield>
         <subfield code="t">Xun zong Chuan Zang Cha ma gu dao /</subfield>
         <subfield code="r">Jiang Xiuying.</subfield>
      </datafield>
      <datafield tag="651" ind1=" " ind2="0">
         <subfield code="a">China, Southwest</subfield>
         <subfield code="x">Civilization</subfield>
         <subfield code="v">Congresses.</subfield>
      </datafield>
      <datafield tag="651" ind1=" " ind2="0">
         <subfield code="a">China, Southwest</subfield>
         <subfield code="x">Social life and customs</subfield>
         <subfield code="v">Congresses.</subfield>
      </datafield>
      <datafield tag="650" ind1=" " ind2="0">
         <subfield code="a">Ethnology</subfield>
         <subfield code="z">China, Southwest</subfield>
         <subfield code="v">Congresses.</subfield>
      </datafield>
      <datafield tag="650" ind1=" " ind2="0">
         <subfield code="a">Tea trade</subfield>
         <subfield code="z">China, Southwest</subfield>
         <subfield code="x">History</subfield>
         <subfield code="v">Congresses.</subfield>
      </datafield>
      <datafield tag="651" ind1=" " ind2="0">
         <subfield code="a">Ancient Tea Horse Road</subfield>
         <subfield code="x">History</subfield>
         <subfield code="v">Congresses.</subfield>
      </datafield>
      <datafield tag="650" ind1=" " ind2="7">
         <subfield code="a">Civilization.</subfield>
         <subfield code="2">fast</subfield>
         <subfield code="0">(OCoLC)fst00862898</subfield>
      </datafield>
      <datafield tag="650" ind1=" " ind2="7">
         <subfield code="a">Ethnology.</subfield>
         <subfield code="2">fast</subfield>
         <subfield code="0">(OCoLC)fst00916106</subfield>
      </datafield>
      <datafield tag="650" ind1=" " ind2="7">
         <subfield code="a">Manners and customs.</subfield>
         <subfield code="2">fast</subfield>
         <subfield code="0">(OCoLC)fst01007815</subfield>
      </datafield>
      <datafield tag="650" ind1=" " ind2="7">
         <subfield code="a">Tea trade.</subfield>
         <subfield code="2">fast</subfield>
         <subfield code="0">(OCoLC)fst01144179</subfield>
      </datafield>
      <datafield tag="651" ind1=" " ind2="7">
         <subfield code="a">Asia</subfield>
         <subfield code="z">Ancient Tea Horse Road.</subfield>
         <subfield code="2">fast</subfield>
         <subfield code="0">(OCoLC)fst01896698</subfield>
      </datafield>
      <datafield tag="651" ind1=" " ind2="7">
         <subfield code="a">China, Southwest.</subfield>
         <subfield code="2">fast</subfield>
         <subfield code="0">(OCoLC)fst01692656</subfield>
      </datafield>
      <datafield tag="655" ind1=" " ind2="7">
         <subfield code="a">History.</subfield>
         <subfield code="2">fast</subfield>
         <subfield code="0">(OCoLC)fst01411628</subfield>
      </datafield>
      <datafield tag="710" ind1="1" ind2=" ">
         <subfield code="6">880-08</subfield>
         <subfield code="a">Ya'an (China)</subfield>
      </datafield>
      <datafield tag="710" ind1="1" ind2=" ">
         <subfield code="6">880-09</subfield>
         <subfield code="a">Sichuan Sheng (China).</subfield>
         <subfield code="b">Wen wu guan li ju.</subfield>
      </datafield>
      <datafield tag="880" ind1="2" ind2=" ">
         <subfield code="6">111-01/</subfield>
         <subfield code="a">茶马古道文化遗产保护 (雅安) 研讨会</subfield>
         <subfield code="d">(2011 :</subfield>
         <subfield code="c">Ya'an, China)</subfield>
      </datafield>
      <datafield tag="880" ind1="1" ind2="0">
         <subfield code="6">245-02/</subfield>
         <subfield code="a">边茶藏马 :</subfield>
         <subfield code="b">茶马古道文化遗产保护 (雅安) 研讨会论文集 /</subfield>
         <subfield code="c">雅安市人民政府, 四川省文物管理局编.</subfield>
      </datafield>
      <datafield tag="880" ind1="3" ind2="0">
         <subfield code="6">246-03/</subfield>
         <subfield code="a">茶马古道文化遗产保护 (雅安) 研讨会论文集</subfield>
      </datafield>
      <datafield tag="880" ind1=" " ind2=" ">
         <subfield code="6">250-04/</subfield>
         <subfield code="a">第1版.</subfield>
      </datafield>
      <datafield tag="880" ind1=" " ind2=" ">
         <subfield code="6">260-05/</subfield>
         <subfield code="a">北京 :</subfield>
         <subfield code="b">文物出版社,</subfield>
         <subfield code="c">2012.</subfield>
      </datafield>
      <datafield tag="880" ind1="0" ind2="0">
         <subfield code="6">505-06/</subfield>
         <subfield code="t">保护珍贵遗产 造福雅安百姓(序一) /</subfield>
         <subfield code="r">徐孟加 --</subfield>
         <subfield code="t">沧桑古道情系高原(序二) /</subfield>
         <subfield code="r">王琼 --</subfield>
         <subfield code="t">茶马古道文化遗产保护(雅安)共识; 保护千年古道传承中华文明: 在茶马古道文化遗产保护(雅安)研讨会上的讲话 /</subfield>
         <subfield code="r">单霁翔 --</subfield>
         <subfield code="t">"茶马古道"文化线路的几个问题 /</subfield>
         <subfield code="r">孙华 --</subfield>
         <subfield code="t">川藏古茶道形成过程 /</subfield>
         <subfield code="r">贾大泉 --</subfield>
         <subfield code="t">中国最早的茶马古道: 川甘, 川青道 /</subfield>
         <subfield code="r">李家光 --</subfield>
         <subfield code="t">敢问路在何方: 对南方丝绸之路(茶马古道)荥经段的推考 /</subfield>
         <subfield code="r">周安勇 --</subfield>
         <subfield code="t">宋明清时期茶马古道官道线路初探 /</subfield>
         <subfield code="r">王晓燕 --</subfield>
         <subfield code="t">茶马古道与茶马古道文化 /</subfield>
         <subfield code="r">任新建 --</subfield>
         <subfield code="t">川藏茶马古道上的四川边茶 /</subfield>
         <subfield code="r">齐桂年 --</subfield>
         <subfield code="t">龙门山地区茶业与古代茶马互市初探 /</subfield>
         <subfield code="r">彭邦本 --</subfield>
         <subfield code="t">何君尊楗阁石刻的发现及其意义 /</subfield>
         <subfield code="r">李炳中, 潘红兵, 高俊刚 --</subfield>
         <subfield code="t">跋邛崃福康桥功德碑 /</subfield>
         <subfield code="r">陈剑 --</subfield>
         <subfield code="t">茶叶与早期东方城镇的发展 /</subfield>
         <subfield code="r">凌文锋 --</subfield>
         <subfield code="t">雅安与茶马古道 /</subfield>
         <subfield code="r">江玉祥 --</subfield>
         <subfield code="t">藏茶的起源和进化 /</subfield>
         <subfield code="r">李朝贵, 李耕冬 --</subfield>
         <subfield code="t">从茶马古道谈"藏茶汉饮" /</subfield>
         <subfield code="r">甘玉翔 --</subfield>
         <subfield code="t">唐代吐蕃饮茶和汉藏茶马古道的蛛丝马迹 /</subfield>
         <subfield code="r">郑学檬 --</subfield>
         <subfield code="t">宋代成都平原考古发现的茶具与饮茶习俗: 并略谈川峡四路的茶叶贸易 /</subfield>
         <subfield code="r">黄晓枫</subfield>
      </datafield>
      <datafield tag="880" ind1="0" ind2="0">
         <subfield code="6">505-07/</subfield>
         <subfield code="t">谈边销茶的历史地位和产销格局 /</subfield>
         <subfield code="r">梅雨 --</subfield>
         <subfield code="t">南路边茶与西藏 /</subfield>
         <subfield code="r">杨绍怀 --</subfield>
         <subfield code="t">边茶与边政 /</subfield>
         <subfield code="r">周重林 --</subfield>
         <subfield code="t">茶叶与边疆开发: 从云南生境及民众的适应来看 /</subfield>
         <subfield code="r">凌文锋, 杨静茜 --</subfield>
         <subfield code="t">茶马古道对康东社会文化的影响: 以四川泸定岚安, 康定鱼通为例 /</subfield>
         <subfield code="r">郭建勋 --</subfield>
         <subfield code="t">南丝路上的早期金属工业 /</subfield>
         <subfield code="r">周志清 --</subfield>
         <subfield code="t">浅议川藏茶马古道的历史地位与文化传承 /</subfield>
         <subfield code="r">杨瑞, 齐贵年 --</subfield>
         <subfield code="t">茶马古道上背夫的历史作用与现实意义 /</subfield>
         <subfield code="r">李锡东 --</subfield>
         <subfield code="t">天全土司在茶马贸易中的历史作为 /</subfield>
         <subfield code="r">江汉平 --</subfield>
         <subfield code="t">茶马古道上的省思 /</subfield>
         <subfield code="r">冯明珠 --</subfield>
         <subfield code="t">四川茶马古道路网系统及其文化与旅游资源价值探讨 /</subfield>
         <subfield code="r">喇明英 --</subfield>
         <subfield code="t">穿行在茶马古道上的英国植物学家: 威尔逊的五次雅安之行 /</subfield>
         <subfield code="r">印开蒲 --</subfield>
         <subfield code="t">孙明经1939年的茶马古道影像考察 /</subfield>
         <subfield code="r">孙健三 --</subfield>
         <subfield code="t">从孔道大道到天竺通衢: 考察川藏大道纪实 /</subfield>
         <subfield code="r">刘勤晋 --</subfield>
         <subfield code="t">茶马古道文化考察纪行 /</subfield>
         <subfield code="r">姉琪有峯 --</subfield>
         <subfield code="t">寻踪川藏茶马古道 /</subfield>
         <subfield code="r">蒋秀英.</subfield>
      </datafield>
      <datafield tag="880" ind1="1" ind2=" ">
         <subfield code="6">710-08/</subfield>
         <subfield code="a">雅安 (China)</subfield>
      </datafield>
      <datafield tag="880" ind1="1" ind2=" ">
         <subfield code="6">710-09/</subfield>
         <subfield code="a">四川省 (China).</subfield>
         <subfield code="b">文物管理局.</subfield>
      </datafield>
      <datafield tag="994" ind1=" " ind2=" ">
         <subfield code="a">Z0</subfield>
         <subfield code="b">ZYU</subfield>
      </datafield>
      <datafield tag="OWN" ind1=" " ind2=" ">
         <subfield code="a">GENERAL</subfield>
      </datafield>
      <datafield tag="AVA" ind1=" " ind2=" ">
         <subfield code="a">NYU50</subfield>
         <subfield code="b">NISAW</subfield>
         <subfield code="c">Large Collection</subfield>
         <subfield code="d">DS793.S6445 C327 2011</subfield>
         <subfield code="e">available</subfield>
         <subfield code="t">Available</subfield>
         <subfield code="f">1</subfield>
         <subfield code="g">0</subfield>
         <subfield code="h">N</subfield>
         <subfield code="i">0</subfield>
         <subfield code="j">LARGE</subfield>
         <subfield code="k">0</subfield>
      </datafield>
      <marc:datafield tag="852" ind1=" " ind2=" ">
         <marc:subfield code="b">Institute for the Study of the Ancient World, </marc:subfield>
         <marc:subfield code="c">Large Collection</marc:subfield>
         <marc:subfield code="e">15 East 84th St., </marc:subfield>
         <marc:subfield code="e">New York, NY  10028</marc:subfield>
      </marc:datafield>
   </record>