
  
  
  
  
  
  
 
  
  <record xsi:schemaLocation="http://www.loc.gov/MARC21/slim http://www.loc.gov/standards/marcxml/schema/MARC21slim.xsd">
      <leader>00000cam  2200601 i 4500</leader>
      <controlfield tag="FMT">BK</controlfield>
      <controlfield tag="LDR">00000cam  2200601 i 4500</controlfield>
      <controlfield tag="001">004162231</controlfield>
      <controlfield tag="003">OCoLC</controlfield>
      <controlfield tag="005">20150724155138.0</controlfield>
      <controlfield tag="008">150724s2013    cc a     b    000 0 chi d</controlfield>
      <datafield tag="020" ind1=" " ind2=" ">
         <subfield code="a">9787030360885 :</subfield>
         <subfield code="c">RMBY108.00</subfield>
      </datafield>
      <datafield tag="020" ind1=" " ind2=" ">
         <subfield code="a">7030360885 :</subfield>
         <subfield code="c">RMBY108.00</subfield>
      </datafield>
      <datafield tag="035" ind1=" " ind2=" ">
         <subfield code="a">(OCoLC)859837215</subfield>
      </datafield>
      <datafield tag="040" ind1=" " ind2=" ">
         <subfield code="a">BCBTC</subfield>
         <subfield code="b">eng</subfield>
         <subfield code="e">rda</subfield>
         <subfield code="c">BCBTC</subfield>
         <subfield code="d">STF</subfield>
         <subfield code="d">OCLCQ</subfield>
         <subfield code="d">YUS</subfield>
         <subfield code="d">OCLCF</subfield>
         <subfield code="d">ZYU</subfield>
         <subfield code="d">NNU</subfield>
      </datafield>
      <datafield tag="043" ind1=" " ind2=" ">
         <subfield code="a">a-cc-su</subfield>
      </datafield>
      <datafield tag="050" ind1=" " ind2="4">
         <subfield code="a">DS797.84.T874</subfield>
         <subfield code="b">W365 2013</subfield>
      </datafield>
      <datafield tag="050" ind1=" " ind2="4">
         <subfield code="a">DS797.84.T858</subfield>
         <subfield code="b">W364 2013</subfield>
      </datafield>
      <datafield tag="066" ind1=" " ind2=" ">
         <subfield code="c">$1</subfield>
      </datafield>
      <datafield tag="100" ind1="1" ind2=" ">
         <subfield code="6">880-01</subfield>
         <subfield code="a">Wang, Qitao,</subfield>
         <subfield code="e">author.</subfield>
      </datafield>
      <datafield tag="245" ind1="1" ind2="0">
         <subfield code="6">880-02</subfield>
         <subfield code="a">Tulufan chu tu wen xian yu yan dao lun /</subfield>
         <subfield code="c">Wang Qitao zhu.</subfield>
      </datafield>
      <datafield tag="250" ind1=" " ind2=" ">
         <subfield code="6">880-03</subfield>
         <subfield code="a">Di yi ban.</subfield>
      </datafield>
      <datafield tag="264" ind1=" " ind2="1">
         <subfield code="6">880-04</subfield>
         <subfield code="a">Beijing :</subfield>
         <subfield code="b">Ke xue chu ban she,</subfield>
         <subfield code="c">2013.</subfield>
      </datafield>
      <datafield tag="300" ind1=" " ind2=" ">
         <subfield code="a">vii, 179 pages :</subfield>
         <subfield code="b">illustrations ;</subfield>
         <subfield code="c">27 cm</subfield>
      </datafield>
      <datafield tag="336" ind1=" " ind2=" ">
         <subfield code="a">text</subfield>
         <subfield code="b">txt</subfield>
         <subfield code="2">rdacontent</subfield>
      </datafield>
      <datafield tag="337" ind1=" " ind2=" ">
         <subfield code="a">unmediated</subfield>
         <subfield code="b">n</subfield>
         <subfield code="2">rdamedia</subfield>
      </datafield>
      <datafield tag="338" ind1=" " ind2=" ">
         <subfield code="a">volume</subfield>
         <subfield code="b">nc</subfield>
         <subfield code="2">rdacarrier</subfield>
      </datafield>
      <datafield tag="504" ind1=" " ind2=" ">
         <subfield code="a">Includes bibliographical references.</subfield>
      </datafield>
      <datafield tag="520" ind1=" " ind2=" ">
         <subfield code="6">880-05</subfield>
         <subfield code="a">Tulufan chu tu wen xian shi yan jiu Zhongguo zhong gu shi he min zu guan xi shi de zhong yao shi liao, yao chong fen li yong zhe pi wen xian, dui qi yu yan wen zi de zhun que shi du he li jie zhi guan zhong yao. Ben shu cong she hui yu yan xue he ti cai yu yan xue de jiao du, dui Tulufan chu tu wen xian de yu yan xi tong he wen zi xi tong jin xing le quan mian yan jiu. Ben shu gong fen qi zhang, fen bie dui Tulufan chu tu de fa zhi wen xian, xing zheng wen xian, qi yue wen xian, shu xin wen xian, sang zang wen xian, zhang bo wen xian jin xing le shen ru kao cha, ling ren er mu yi xin, shi wei Dunhuang Tulufan xue de wen shi gong zue zhe zhi zhong yao can kao zi liao.</subfield>
      </datafield>
      <datafield tag="650" ind1=" " ind2="0">
         <subfield code="6">880-06</subfield>
         <subfield code="a">Manuscripts, Chinese</subfield>
         <subfield code="z">China</subfield>
         <subfield code="z">Turpan Diqu.</subfield>
      </datafield>
      <datafield tag="650" ind1=" " ind2="0">
         <subfield code="a">Chinese language</subfield>
         <subfield code="v">Terms and phrases.</subfield>
      </datafield>
      <datafield tag="651" ind1=" " ind2="0">
         <subfield code="6">880-07</subfield>
         <subfield code="a">Turpan Shi (China)</subfield>
         <subfield code="x">Antiquities.</subfield>
      </datafield>
      <datafield tag="650" ind1=" " ind2="7">
         <subfield code="a">Antiquities.</subfield>
         <subfield code="2">fast</subfield>
         <subfield code="0">(OCoLC)fst00810745</subfield>
      </datafield>
      <datafield tag="650" ind1=" " ind2="7">
         <subfield code="a">Chinese language.</subfield>
         <subfield code="2">fast</subfield>
         <subfield code="0">(OCoLC)fst00857383</subfield>
      </datafield>
      <datafield tag="650" ind1=" " ind2="7">
         <subfield code="a">Manuscripts, Chinese.</subfield>
         <subfield code="2">fast</subfield>
         <subfield code="0">(OCoLC)fst01008310</subfield>
      </datafield>
      <datafield tag="651" ind1=" " ind2="7">
         <subfield code="a">China</subfield>
         <subfield code="z">Turpan Diqu.</subfield>
         <subfield code="2">fast</subfield>
         <subfield code="0">(OCoLC)fst01259019</subfield>
      </datafield>
      <datafield tag="651" ind1=" " ind2="7">
         <subfield code="a">China</subfield>
         <subfield code="z">Turpan Shi.</subfield>
         <subfield code="2">fast</subfield>
         <subfield code="0">(OCoLC)fst01288410</subfield>
      </datafield>
      <datafield tag="655" ind1=" " ind2="7">
         <subfield code="a">Terms and phrases.</subfield>
         <subfield code="2">fast</subfield>
         <subfield code="0">(OCoLC)fst01423862</subfield>
      </datafield>
      <datafield tag="880" ind1="1" ind2=" ">
         <subfield code="6">100-01/</subfield>
         <subfield code="a">王启涛,</subfield>
         <subfield code="e">author.</subfield>
      </datafield>
      <datafield tag="880" ind1="1" ind2="0">
         <subfield code="6">245-02/</subfield>
         <subfield code="a">吐鲁番出土文献语言导论 /</subfield>
         <subfield code="c">王启涛著.</subfield>
      </datafield>
      <datafield tag="880" ind1=" " ind2=" ">
         <subfield code="6">250-03/</subfield>
         <subfield code="a">第一版.</subfield>
      </datafield>
      <datafield tag="880" ind1=" " ind2="1">
         <subfield code="6">264-04/</subfield>
         <subfield code="a">北京 :</subfield>
         <subfield code="b">科学出版社,</subfield>
         <subfield code="c">2013.</subfield>
      </datafield>
      <datafield tag="880" ind1=" " ind2=" ">
         <subfield code="6">520-05/</subfield>
         <subfield code="a">吐鲁番出土文献是研究中国中古史和民族关系史 的重要史料，要充分利用这批文 献，对其语言文字的准确识读和理解至关重要。本书从社会语言学和体裁 语言学的角度，对吐鲁番出土文献的语言系统和文字 系统进行了全面研究。本书共分 为七章，分别对吐鲁番出土的法制文献、行政文献、 契约文献、书信文献、丧葬文 献、帐簿文献进行了深入考察，令人耳目一新，实为 治敦煌吐鲁番学的文史工作者之 重要参考资料。</subfield>
      </datafield>
      <datafield tag="880" ind1=" " ind2="4">
         <subfield code="6">650-06/</subfield>
         <subfield code="a">Manuscripts, Chinese</subfield>
         <subfield code="z">China</subfield>
         <subfield code="z">吐鲁番地区</subfield>
      </datafield>
      <datafield tag="880" ind1=" " ind2="4">
         <subfield code="6">651-07/</subfield>
         <subfield code="a">吐鲁番地区 (China)</subfield>
         <subfield code="x">Antiquities.</subfield>
      </datafield>
      <datafield tag="994" ind1=" " ind2=" ">
         <subfield code="a">Z0</subfield>
         <subfield code="b">ZYU</subfield>
      </datafield>
      <datafield tag="OWN" ind1=" " ind2=" ">
         <subfield code="a">GENERAL</subfield>
      </datafield>
      <datafield tag="AVA" ind1=" " ind2=" ">
         <subfield code="a">NYU50</subfield>
         <subfield code="b">NISAW</subfield>
         <subfield code="c">Large Collection</subfield>
         <subfield code="d">DS797.84.T859 W365 2013</subfield>
         <subfield code="e">available</subfield>
         <subfield code="t">Available</subfield>
         <subfield code="f">1</subfield>
         <subfield code="g">0</subfield>
         <subfield code="h">N</subfield>
         <subfield code="i">0</subfield>
         <subfield code="j">LARGE</subfield>
         <subfield code="k">0</subfield>
      </datafield>
      <marc:datafield tag="852" ind1=" " ind2=" ">
         <marc:subfield code="b">Institute for the Study of the Ancient World, </marc:subfield>
         <marc:subfield code="c">Large Collection</marc:subfield>
         <marc:subfield code="e">15 East 84th St., </marc:subfield>
         <marc:subfield code="e">New York, NY  10028</marc:subfield>
      </marc:datafield>
   </record>