
  
  
  
  
 
  
  <record xsi:schemaLocation="http://www.loc.gov/MARC21/slim http://www.loc.gov/standards/marcxml/schema/MARC21slim.xsd">
      <leader>00000cam  2200613 a 4500</leader>
      <controlfield tag="FMT">BK</controlfield>
      <controlfield tag="LDR">00000cam  2200613 a 4500</controlfield>
      <controlfield tag="001">004162782</controlfield>
      <controlfield tag="003">OCoLC</controlfield>
      <controlfield tag="005">20150727093421.0</controlfield>
      <controlfield tag="008">150727s2012    cc ab    b    000 0 chi d</controlfield>
      <datafield tag="020" ind1=" " ind2=" ">
         <subfield code="a">9787030325471 :</subfield>
         <subfield code="c">RMB150.00</subfield>
      </datafield>
      <datafield tag="020" ind1=" " ind2=" ">
         <subfield code="a">7030325478</subfield>
      </datafield>
      <datafield tag="035" ind1=" " ind2=" ">
         <subfield code="a">(OCoLC)767702011</subfield>
      </datafield>
      <datafield tag="040" ind1=" " ind2=" ">
         <subfield code="a">BCBTC</subfield>
         <subfield code="b">eng</subfield>
         <subfield code="c">BCBTC</subfield>
         <subfield code="d">OCLCQ</subfield>
         <subfield code="d">HUA</subfield>
         <subfield code="d">EYM</subfield>
         <subfield code="d">CUY</subfield>
         <subfield code="d">HMY</subfield>
         <subfield code="d">IUL</subfield>
         <subfield code="d">CCHGZ</subfield>
         <subfield code="d">OCLCF</subfield>
         <subfield code="d">OCLCO</subfield>
         <subfield code="d">NNU</subfield>
      </datafield>
      <datafield tag="050" ind1=" " ind2="4">
         <subfield code="a">GT3283.A2</subfield>
         <subfield code="b">L597 2012</subfield>
      </datafield>
      <datafield tag="066" ind1=" " ind2=" ">
         <subfield code="c">$1</subfield>
      </datafield>
      <datafield tag="082" ind1="1" ind2="4">
         <subfield code="a">951</subfield>
         <subfield code="2">22</subfield>
      </datafield>
      <datafield tag="084" ind1=" " ind2=" ">
         <subfield code="a">K878.84</subfield>
         <subfield code="2">clc</subfield>
      </datafield>
      <datafield tag="100" ind1="1" ind2=" ">
         <subfield code="6">880-01</subfield>
         <subfield code="a">Luo, Erhu,</subfield>
         <subfield code="d">1955-</subfield>
      </datafield>
      <datafield tag="245" ind1="1" ind2="0">
         <subfield code="6">880-02</subfield>
         <subfield code="a">Wen hua yu sheng tai, she hui, zu qun :</subfield>
         <subfield code="b">Chuan Dian Qing Zang min zu zou lang shi guan zang yan jiu /</subfield>
         <subfield code="c">Luo Erhu zhu.</subfield>
      </datafield>
      <datafield tag="246" ind1="3" ind2="0">
         <subfield code="6">880-03</subfield>
         <subfield code="a">Chuan Dian Qing Zang min zu zou lang shi guan zang yan jiu</subfield>
      </datafield>
      <datafield tag="250" ind1=" " ind2=" ">
         <subfield code="6">880-04</subfield>
         <subfield code="a">Di 1 ban.</subfield>
      </datafield>
      <datafield tag="260" ind1=" " ind2=" ">
         <subfield code="6">880-05</subfield>
         <subfield code="a">Beijing :</subfield>
         <subfield code="b">Ke xue chu ban she,</subfield>
         <subfield code="c">2012.</subfield>
      </datafield>
      <datafield tag="300" ind1=" " ind2=" ">
         <subfield code="a">viii, 516 p. :</subfield>
         <subfield code="b">ill., maps ;</subfield>
         <subfield code="c">27 cm.</subfield>
      </datafield>
      <datafield tag="490" ind1="1" ind2=" ">
         <subfield code="6">880-06</subfield>
         <subfield code="a">Jiao yu bu ren wen she hui ke xue chong dian yan jiu ji di zhong da xiang mu cheng guo cong shu =</subfield>
         <subfield code="a">Publication series : MOE supported projects of key research institutes of humanities and social sciences in universities</subfield>
      </datafield>
      <datafield tag="504" ind1=" " ind2=" ">
         <subfield code="a">Includes bibliographical references (p. [504]-514)</subfield>
      </datafield>
      <datafield tag="520" ind1=" " ind2=" ">
         <subfield code="6">880-07</subfield>
         <subfield code="a">Ben shu xi zuo zhe cheng dan de jiao yu bu ren wen she hui ke xue chong dian yan jiu ji di zhong da xiang mu "Chuan Dian Qing Zang min zu zou lang di dai shi guan zang wen hua de kao gu xue zong he yan jiu" de jie xiang hou zui zhong cheng guo. Ben shu yi zhe yi qu yu de shi guan zang wei zhu yao yan jiu dui xiang, bing jiang yi shi guan zang wei zhu yao te zheng de zhe yi shi qi suo you wen hua dou na ru ben shu de yan jiu zhi nei, shou ci dui jin bai nian lai xi nan di qu fa xian de shi guan zang jin xing quan mian, xi tong de yan jiu. Ben shu de mu di shi dui zhe yi qu yu de shi guan zang, yi shi guan zang wei te zheng de xiang guan kao gu xue wen hua, yi ji xiang guan de wen hua shi, she hui shi, min zu shi deng fang mian de wen ti chang shi zhe jin xing zong he yan jiu, zhu yao she ji dao wen hua yu wen hua shi, sheng tai yu sheng ye, she hui zu zhi yu jie gou, xin yang, zu qun deng duo fang mian de wen ti.</subfield>
      </datafield>
      <datafield tag="650" ind1=" " ind2="0">
         <subfield code="a">Sarcophagi, Chinese.</subfield>
      </datafield>
      <datafield tag="650" ind1=" " ind2="0">
         <subfield code="a">Tombs</subfield>
         <subfield code="z">China.</subfield>
      </datafield>
      <datafield tag="650" ind1=" " ind2="0">
         <subfield code="a">Funeral rites and ceremonies</subfield>
         <subfield code="z">China.</subfield>
      </datafield>
      <datafield tag="650" ind1=" " ind2="7">
         <subfield code="a">Funeral rites and ceremonies.</subfield>
         <subfield code="2">fast</subfield>
         <subfield code="0">(OCoLC)fst00936223</subfield>
      </datafield>
      <datafield tag="650" ind1=" " ind2="7">
         <subfield code="a">Sarcophagi, Chinese.</subfield>
         <subfield code="2">fast</subfield>
         <subfield code="0">(OCoLC)fst01105485</subfield>
      </datafield>
      <datafield tag="650" ind1=" " ind2="7">
         <subfield code="a">Tombs.</subfield>
         <subfield code="2">fast</subfield>
         <subfield code="0">(OCoLC)fst01152439</subfield>
      </datafield>
      <datafield tag="651" ind1=" " ind2="7">
         <subfield code="a">China.</subfield>
         <subfield code="2">fast</subfield>
         <subfield code="0">(OCoLC)fst01206073</subfield>
      </datafield>
      <datafield tag="880" ind1="1" ind2=" ">
         <subfield code="6">100-01/</subfield>
         <subfield code="a">罗二虎,</subfield>
         <subfield code="d">1955-</subfield>
      </datafield>
      <datafield tag="880" ind1="1" ind2="0">
         <subfield code="6">245-02/</subfield>
         <subfield code="a">文化与生态, 社会, 族群 :</subfield>
         <subfield code="b">川滇青藏民族走廊石棺葬研究 /</subfield>
         <subfield code="c">罗二虎著.</subfield>
      </datafield>
      <datafield tag="880" ind1="3" ind2="0">
         <subfield code="6">246-03/</subfield>
         <subfield code="a">川滇青藏民族走廊石棺葬研究</subfield>
      </datafield>
      <datafield tag="880" ind1=" " ind2=" ">
         <subfield code="6">250-04/</subfield>
         <subfield code="a">第1版.</subfield>
      </datafield>
      <datafield tag="880" ind1=" " ind2=" ">
         <subfield code="6">260-05/</subfield>
         <subfield code="a">北京 :</subfield>
         <subfield code="b">科学出版社,</subfield>
         <subfield code="c">2012.</subfield>
      </datafield>
      <datafield tag="880" ind1="1" ind2=" ">
         <subfield code="6">490-06/</subfield>
         <subfield code="a">教育部人文社会科学重点研究基地重大项目成果丛书 =</subfield>
         <subfield code="a">Publication series : MOE supported projects of key research institutes of humanities and social sciences in universities</subfield>
      </datafield>
      <datafield tag="880" ind1=" " ind2=" ">
         <subfield code="6">520-07/</subfield>
         <subfield code="a">本书系作者承担的教育部人文社会科学重点研究基地重大项目"川滇青藏民族走廊地带石棺葬文化的考古学综合研究"的结项后最终成果. 本书以这一区域的石棺葬为主要研究对象, 并将以石棺葬为主要特征的这一时期所有文化都纳入本书的研究之内, 首次对近百年来西南地区发现的石棺葬进行全面, 系统的研究. 本书的目的是对这一区域的石棺葬, 以石棺葬为特征的相关考古学文化, 以及相关的文化史, 社会史, 民族史等方面的问题尝试着进行综合研究, 主要涉及到文化与文化史, 生态与生业, 社会组织与结构, 信仰, 族群等多方面的问题.</subfield>
      </datafield>
      <datafield tag="880" ind1=" " ind2=" ">
         <subfield code="6">500-00/</subfield>
         <subfield code="a">四川大学"985"工程、"211"工程建设项目专项经费资助出版.</subfield>
      </datafield>
      <datafield tag="830" ind1=" " ind2="0">
         <subfield code="6">880-08</subfield>
         <subfield code="a">Jiao yu bu ren wen she hui ke xue zhong dian yan jiu ji di zhong da xiang mu cheng guo cong shu.</subfield>
      </datafield>
      <datafield tag="880" ind1=" " ind2="0">
         <subfield code="6">830-08/</subfield>
         <subfield code="a">教育部人文社会科学重点研究基地重大项目成果丛书.</subfield>
      </datafield>
      <datafield tag="994" ind1=" " ind2=" ">
         <subfield code="a">Z0</subfield>
         <subfield code="b">ZYU</subfield>
      </datafield>
      <datafield tag="OWN" ind1=" " ind2=" ">
         <subfield code="a">GENERAL</subfield>
      </datafield>
      <datafield tag="AVA" ind1=" " ind2=" ">
         <subfield code="a">NYU50</subfield>
         <subfield code="b">NISAW</subfield>
         <subfield code="c">Large Collection</subfield>
         <subfield code="d">DS793.S6445 L597 2012</subfield>
         <subfield code="e">available</subfield>
         <subfield code="t">Available</subfield>
         <subfield code="f">1</subfield>
         <subfield code="g">0</subfield>
         <subfield code="h">N</subfield>
         <subfield code="i">0</subfield>
         <subfield code="j">LARGE</subfield>
         <subfield code="k">0</subfield>
      </datafield>
      <marc:datafield tag="852" ind1=" " ind2=" ">
         <marc:subfield code="b">Institute for the Study of the Ancient World, </marc:subfield>
         <marc:subfield code="c">Large Collection</marc:subfield>
         <marc:subfield code="e">15 East 84th St., </marc:subfield>
         <marc:subfield code="e">New York, NY  10028</marc:subfield>
      </marc:datafield>
   </record>