
  
  
  
  
  
  
  
 
  
  <record xsi:schemaLocation="http://www.loc.gov/MARC21/slim http://www.loc.gov/standards/marcxml/schema/MARC21slim.xsd">
      <leader>00000cam  2201081 a 4500</leader>
      <controlfield tag="FMT">BK</controlfield>
      <controlfield tag="LDR">00000cam  2201081 a 4500</controlfield>
      <controlfield tag="001">004163150</controlfield>
      <controlfield tag="003">OCoLC</controlfield>
      <controlfield tag="005">20150728124812.0</controlfield>
      <controlfield tag="008">150728s2011    cc ab         000 0 chi d</controlfield>
      <datafield tag="020" ind1=" " ind2=" ">
         <subfield code="a">9787030324986 (v. [1])</subfield>
      </datafield>
      <datafield tag="020" ind1=" " ind2=" ">
         <subfield code="a">7030324986 (v. [1])</subfield>
      </datafield>
      <datafield tag="020" ind1=" " ind2=" ">
         <subfield code="a">9787030324962 (v. [2])</subfield>
      </datafield>
      <datafield tag="020" ind1=" " ind2=" ">
         <subfield code="a">703032496X (v. [2])</subfield>
      </datafield>
      <datafield tag="020" ind1=" " ind2=" ">
         <subfield code="a">9787030327086 (v. [3])</subfield>
      </datafield>
      <datafield tag="020" ind1=" " ind2=" ">
         <subfield code="a">703032708X (v. [3])</subfield>
      </datafield>
      <datafield tag="020" ind1=" " ind2=" ">
         <subfield code="a">9787030327468 (v. [4])</subfield>
      </datafield>
      <datafield tag="020" ind1=" " ind2=" ">
         <subfield code="a">7030327462 (v. [4])</subfield>
      </datafield>
      <datafield tag="020" ind1=" " ind2=" ">
         <subfield code="a">9787030327543 (v. [5])</subfield>
      </datafield>
      <datafield tag="020" ind1=" " ind2=" ">
         <subfield code="a">7030327543 (v. [5])</subfield>
      </datafield>
      <datafield tag="020" ind1=" " ind2=" ">
         <subfield code="a">9787030324924 (v. [6])</subfield>
      </datafield>
      <datafield tag="020" ind1=" " ind2=" ">
         <subfield code="a">7030324927 (v. [6])</subfield>
      </datafield>
      <datafield tag="020" ind1=" " ind2=" ">
         <subfield code="a">9787030325686 (v. [7])</subfield>
      </datafield>
      <datafield tag="020" ind1=" " ind2=" ">
         <subfield code="a">7030325680 (v. [7])</subfield>
      </datafield>
      <datafield tag="020" ind1=" " ind2=" ">
         <subfield code="a">9787030324955 (v. [8])</subfield>
      </datafield>
      <datafield tag="020" ind1=" " ind2=" ">
         <subfield code="a">7030324951 (v. [8])</subfield>
      </datafield>
      <datafield tag="020" ind1=" " ind2=" ">
         <subfield code="a">9787030324948 (v. [9])</subfield>
      </datafield>
      <datafield tag="020" ind1=" " ind2=" ">
         <subfield code="a">7030324943 (v. [9])</subfield>
      </datafield>
      <datafield tag="020" ind1=" " ind2=" ">
         <subfield code="a">9787030324993 (v. [10])</subfield>
      </datafield>
      <datafield tag="020" ind1=" " ind2=" ">
         <subfield code="a">7030324994 (v. [10])</subfield>
      </datafield>
      <datafield tag="020" ind1=" " ind2=" ">
         <subfield code="a">9787030326058 (v. [11])</subfield>
      </datafield>
      <datafield tag="020" ind1=" " ind2=" ">
         <subfield code="a">7030326059 (v. [11])</subfield>
      </datafield>
      <datafield tag="020" ind1=" " ind2=" ">
         <subfield code="a">9787030326157 (v. [12])</subfield>
      </datafield>
      <datafield tag="020" ind1=" " ind2=" ">
         <subfield code="a">7030326156 (v. [12])</subfield>
      </datafield>
      <datafield tag="020" ind1=" " ind2=" ">
         <subfield code="a">9787030324931 (v. [13])</subfield>
      </datafield>
      <datafield tag="020" ind1=" " ind2=" ">
         <subfield code="a">7030324935 (v. [13])</subfield>
      </datafield>
      <datafield tag="020" ind1=" " ind2=" ">
         <subfield code="a">9787030324979 (v. [14])</subfield>
      </datafield>
      <datafield tag="020" ind1=" " ind2=" ">
         <subfield code="a">7030324978 (v. [14])</subfield>
      </datafield>
      <datafield tag="020" ind1=" " ind2=" ">
         <subfield code="a">9787030327079 (v. [15])</subfield>
      </datafield>
      <datafield tag="020" ind1=" " ind2=" ">
         <subfield code="a">7030327071 (v. [15])</subfield>
      </datafield>
      <datafield tag="020" ind1=" " ind2=" ">
         <subfield code="a">9787030326621 (v. [16])</subfield>
      </datafield>
      <datafield tag="020" ind1=" " ind2=" ">
         <subfield code="a">7030326628 (v. [16])</subfield>
      </datafield>
      <datafield tag="020" ind1=" " ind2=" ">
         <subfield code="a">9787030326669 (v. [17])</subfield>
      </datafield>
      <datafield tag="020" ind1=" " ind2=" ">
         <subfield code="a">7030326660 (v. [17])</subfield>
      </datafield>
      <datafield tag="020" ind1=" " ind2=" ">
         <subfield code="a">9787030324917 (v. [18])</subfield>
      </datafield>
      <datafield tag="020" ind1=" " ind2=" ">
         <subfield code="a">7030324919 (v. [18])</subfield>
      </datafield>
      <datafield tag="020" ind1=" " ind2=" ">
         <subfield code="a">9787030327093 (v. [19])</subfield>
      </datafield>
      <datafield tag="020" ind1=" " ind2=" ">
         <subfield code="a">7030327098 (v. [19])</subfield>
      </datafield>
      <datafield tag="020" ind1=" " ind2=" ">
         <subfield code="a">9787030326065 (v. [20])</subfield>
      </datafield>
      <datafield tag="020" ind1=" " ind2=" ">
         <subfield code="a">7030326067 (v. [20])</subfield>
      </datafield>
      <datafield tag="020" ind1=" " ind2=" ">
         <subfield code="a">9787030327697 (v. [21])</subfield>
      </datafield>
      <datafield tag="020" ind1=" " ind2=" ">
         <subfield code="a">7030327691 (v. [21])</subfield>
      </datafield>
      <datafield tag="020" ind1=" " ind2=" ">
         <subfield code="a">9787030325938 (v. [22])</subfield>
      </datafield>
      <datafield tag="020" ind1=" " ind2=" ">
         <subfield code="a">7030325931 (v. [22])</subfield>
      </datafield>
      <datafield tag="035" ind1=" " ind2=" ">
         <subfield code="a">(OCoLC)815456569</subfield>
      </datafield>
      <datafield tag="040" ind1=" " ind2=" ">
         <subfield code="a">CGU</subfield>
         <subfield code="c">CGU</subfield>
         <subfield code="d">OCLCF</subfield>
         <subfield code="d">OCLCO</subfield>
         <subfield code="d">HUA</subfield>
         <subfield code="d">ZYU</subfield>
      </datafield>
      <datafield tag="043" ind1=" " ind2=" ">
         <subfield code="a">a-cc-su</subfield>
      </datafield>
      <datafield tag="050" ind1=" " ind2="4">
         <subfield code="a">DS793.S62</subfield>
         <subfield code="b">X5643 2011</subfield>
      </datafield>
      <datafield tag="066" ind1=" " ind2=" ">
         <subfield code="c">$1</subfield>
      </datafield>
      <datafield tag="245" ind1="0" ind2="0">
         <subfield code="6">880-01</subfield>
         <subfield code="a">Xinjiang Weiwuer Zizhiqu di san ci quan guo wen wu pu cha cheng guo ji cheng /</subfield>
         <subfield code="c">Xinjiang Weiwu'er Zizhiqu wen wu ju bian.</subfield>
      </datafield>
      <datafield tag="246" ind1="3" ind2=" ">
         <subfield code="6">880-02</subfield>
         <subfield code="a">Xinjiang Weiwuer Zizhiqu di 3 ci quan guo wen wu pu cha cheng guo ji cheng</subfield>
      </datafield>
      <datafield tag="246" ind1="3" ind2="0">
         <subfield code="6">880-03</subfield>
         <subfield code="a">Xinjiang di san ci quan guo wen wu pu cha cheng guo ji cheng</subfield>
      </datafield>
      <datafield tag="246" ind1="3" ind2=" ">
         <subfield code="6">880-04</subfield>
         <subfield code="a">Xinjiang di 3 ci quan guo wen wu pu cha cheng guo ji cheng</subfield>
      </datafield>
      <datafield tag="246" ind1="3" ind2="0">
         <subfield code="6">880-05</subfield>
         <subfield code="a">Xinjiang Weiwuer Zizhiqu quan guo wen wu pu cha cheng guo ji cheng</subfield>
      </datafield>
      <datafield tag="250" ind1=" " ind2=" ">
         <subfield code="6">880-06</subfield>
         <subfield code="a">Di 1 ban.</subfield>
      </datafield>
      <datafield tag="260" ind1=" " ind2=" ">
         <subfield code="6">880-07</subfield>
         <subfield code="a">Beijing :</subfield>
         <subfield code="b">Ke xue chu ban she,</subfield>
         <subfield code="c">2011.</subfield>
      </datafield>
      <datafield tag="300" ind1=" " ind2=" ">
         <subfield code="a">22 v. :</subfield>
         <subfield code="b">ill., map ;</subfield>
         <subfield code="c">30 cm.</subfield>
      </datafield>
      <datafield tag="500" ind1=" " ind2=" ">
         <subfield code="a">22 in 28.</subfield>
      </datafield>
      <datafield tag="505" ind1="0" ind2="0">
         <subfield code="6">880-08</subfield>
         <subfield code="g">[1].</subfield>
         <subfield code="t">Xinjiang di san ci quan guo wen wu pu cha zhong yao xin fa xian --</subfield>
         <subfield code="g">[2].</subfield>
         <subfield code="t">Akesu di qu juan --</subfield>
         <subfield code="g">[3].</subfield>
         <subfield code="t">Aletai di qu juan --</subfield>
         <subfield code="g">[4].</subfield>
         <subfield code="t">Bayin'guoleng Menggu Zizhizhou juan --</subfield>
         <subfield code="g">[5].</subfield>
         <subfield code="t">Bo'ertala Menggu Zizhizhou juan --</subfield>
         <subfield code="g">[6].</subfield>
         <subfield code="t">Changji Huizu Zizhizhou juan --</subfield>
         <subfield code="g">[7].</subfield>
         <subfield code="t">Hami di qu juan --</subfield>
         <subfield code="g">[8].</subfield>
         <subfield code="t">Hetian di qu juan --</subfield>
         <subfield code="g">[9].</subfield>
         <subfield code="t">Kashi Diqu juan --</subfield>
         <subfield code="g">[10].</subfield>
         <subfield code="t">Kezilesu Ke'erkezi Zizhizhou juan --</subfield>
         <subfield code="g">[11].</subfield>
         <subfield code="t">Tacheng di qu juan --</subfield>
         <subfield code="g">[12].</subfield>
         <subfield code="t">Tulufan di qu juan --</subfield>
         <subfield code="g">[13].</subfield>
         <subfield code="t">Wulumuqi Shi juan, Kelamayi Shi juan --</subfield>
         <subfield code="g">[14].</subfield>
         <subfield code="t">Yili Hasake Zizhizhou (zhi shu xian shi) juan --</subfield>
         <subfield code="g">[15].</subfield>
         <subfield code="t">Xinjiang sheng chan jian she bing tuan xia qu nei bu ke yi dong wen wu --</subfield>
         <subfield code="g">[16].</subfield>
         <subfield code="t">Xinjiang gu mu zang --</subfield>
         <subfield code="g">[17].</subfield>
         <subfield code="t">Xinjiang gu jian zhu --</subfield>
         <subfield code="g">[18].</subfield>
         <subfield code="t">Xinjiang jin xian dai zhong yao shi ji ji dai biao xing jian zhu --</subfield>
         <subfield code="g">[19].</subfield>
         <subfield code="t">Xinjiang gu cheng yi zhi --</subfield>
         <subfield code="g">[20].</subfield>
         <subfield code="t">Xinjiang yan hua --</subfield>
         <subfield code="g">[21].</subfield>
         <subfield code="t">Xinjiang kan er jing (1-4) --</subfield>
         <subfield code="g">[22].</subfield>
         <subfield code="t">Xinjiang cao yuan shi ren yu lu shi.</subfield>
      </datafield>
      <datafield tag="651" ind1=" " ind2="0">
         <subfield code="6">880-09</subfield>
         <subfield code="a">Xinjiang Uygur Zizhiqu (China)</subfield>
         <subfield code="x">Antiquities.</subfield>
      </datafield>
      <datafield tag="650" ind1=" " ind2="0">
         <subfield code="6">880-10</subfield>
         <subfield code="a">Historic sites</subfield>
         <subfield code="z">China</subfield>
         <subfield code="z">Xinjiang Uygur Zizhiqu.</subfield>
      </datafield>
      <datafield tag="650" ind1=" " ind2="0">
         <subfield code="6">880-11</subfield>
         <subfield code="a">Excavations (Archaeology)</subfield>
         <subfield code="z">China</subfield>
         <subfield code="z">Xinjiang Uygur Zizhiqu.</subfield>
      </datafield>
      <datafield tag="650" ind1=" " ind2="7">
         <subfield code="a">Antiquities.</subfield>
         <subfield code="2">fast</subfield>
         <subfield code="0">(OCoLC)fst00810745</subfield>
      </datafield>
      <datafield tag="650" ind1=" " ind2="7">
         <subfield code="a">Excavations (Archaeology)</subfield>
         <subfield code="2">fast</subfield>
         <subfield code="0">(OCoLC)fst00917564</subfield>
      </datafield>
      <datafield tag="650" ind1=" " ind2="7">
         <subfield code="a">Historic sites.</subfield>
         <subfield code="2">fast</subfield>
         <subfield code="0">(OCoLC)fst00957846</subfield>
      </datafield>
      <datafield tag="651" ind1=" " ind2="7">
         <subfield code="a">China</subfield>
         <subfield code="z">Xinjiang Uygur Zizhiqu.</subfield>
         <subfield code="2">fast</subfield>
         <subfield code="0">(OCoLC)fst01212006</subfield>
      </datafield>
      <datafield tag="710" ind1="1" ind2=" ">
         <subfield code="6">880-12</subfield>
         <subfield code="a">Xinjiang Uygur Zizhiqu (China).</subfield>
         <subfield code="b">Wen wu ju.</subfield>
      </datafield>
      <datafield tag="880" ind1="0" ind2="0">
         <subfield code="6">245-01/</subfield>
         <subfield code="a">新疆维吾尔自治区第三次全国文物普查成果集成 /</subfield>
         <subfield code="c">新疆维吾尔自治区文物局编.</subfield>
      </datafield>
      <datafield tag="880" ind1="3" ind2=" ">
         <subfield code="6">246-02/</subfield>
         <subfield code="a">新疆维吾尔自治区第3次全国文物普查成果集成</subfield>
      </datafield>
      <datafield tag="880" ind1="3" ind2="0">
         <subfield code="6">246-03/</subfield>
         <subfield code="a">新疆第三次全国文物普查成果集成</subfield>
      </datafield>
      <datafield tag="880" ind1="3" ind2=" ">
         <subfield code="6">246-04/</subfield>
         <subfield code="a">新疆第3次全国文物普查成果集成</subfield>
      </datafield>
      <datafield tag="880" ind1="3" ind2="0">
         <subfield code="6">246-05/</subfield>
         <subfield code="a">新疆维吾尔自治区全国文物普查成果集成</subfield>
      </datafield>
      <datafield tag="880" ind1=" " ind2=" ">
         <subfield code="6">250-06/</subfield>
         <subfield code="a">第1版.</subfield>
      </datafield>
      <datafield tag="880" ind1=" " ind2=" ">
         <subfield code="6">260-07/</subfield>
         <subfield code="a">北京 :</subfield>
         <subfield code="b">科学出版社,</subfield>
         <subfield code="c">2011.</subfield>
      </datafield>
      <datafield tag="880" ind1="0" ind2="0">
         <subfield code="6">505-08/</subfield>
         <subfield code="g">[1].</subfield>
         <subfield code="t">新疆第三次全国文物普查重要新发现 --</subfield>
         <subfield code="g">[2].</subfield>
         <subfield code="t">阿克苏地区卷 --</subfield>
         <subfield code="g">[3].</subfield>
         <subfield code="t">阿勒泰地区卷 --</subfield>
         <subfield code="g">[4].</subfield>
         <subfield code="t">巴音郭楞蒙古自治州卷 --</subfield>
         <subfield code="g">[5].</subfield>
         <subfield code="t">博尔塔拉蒙古自治州卷 --</subfield>
         <subfield code="g">[6].</subfield>
         <subfield code="t">昌吉回族自治州卷 --</subfield>
         <subfield code="g">[7].</subfield>
         <subfield code="t">哈密地区卷 --</subfield>
         <subfield code="g">[8].</subfield>
         <subfield code="t">和田地区卷 --</subfield>
         <subfield code="g">[9].</subfield>
         <subfield code="t">喀什地区卷 --</subfield>
         <subfield code="g">[10].</subfield>
         <subfield code="t">克孜勒苏柯尔克孜自治州卷 --</subfield>
         <subfield code="g">[11].</subfield>
         <subfield code="t">塔城地区卷 --</subfield>
         <subfield code="g">[12].</subfield>
         <subfield code="t">吐鲁番地区卷 --</subfield>
         <subfield code="g">[13].</subfield>
         <subfield code="t">乌鲁木齐市卷, 克拉玛依市卷 --</subfield>
         <subfield code="g">[14].</subfield>
         <subfield code="t">伊犁哈萨克自治州(直属县市)卷 --</subfield>
         <subfield code="g">[15].</subfield>
         <subfield code="t">新疆生产建设兵团辖区内不可移动文物 --</subfield>
         <subfield code="g">[16].</subfield>
         <subfield code="t">新疆古墓葬 --</subfield>
         <subfield code="g">[17].</subfield>
         <subfield code="t">新疆古建筑 --</subfield>
         <subfield code="g">[18].</subfield>
         <subfield code="t">新疆近现代重要史迹及代表性建筑 --</subfield>
         <subfield code="g">[19].</subfield>
         <subfield code="t">新疆古城遗址 --</subfield>
         <subfield code="g">[20].</subfield>
         <subfield code="t">新疆岩画 --</subfield>
         <subfield code="g">[21].</subfield>
         <subfield code="t">新疆坎儿井 --</subfield>
         <subfield code="g">[22].</subfield>
         <subfield code="t">新疆草原石人与鹿石.</subfield>
      </datafield>
      <datafield tag="880" ind1=" " ind2="4">
         <subfield code="6">651-09/</subfield>
         <subfield code="a">新疆维吾尔自治区</subfield>
         <subfield code="x">Antiquities.</subfield>
      </datafield>
      <datafield tag="880" ind1=" " ind2="4">
         <subfield code="6">650-10/</subfield>
         <subfield code="a">Historic sites</subfield>
         <subfield code="z">China</subfield>
         <subfield code="z">新疆维吾尔自治区.</subfield>
      </datafield>
      <datafield tag="880" ind1=" " ind2="4">
         <subfield code="6">650-11/</subfield>
         <subfield code="a">Excavations (Archaeology)</subfield>
         <subfield code="z">China</subfield>
         <subfield code="z">新疆维吾尔自治区.</subfield>
      </datafield>
      <datafield tag="880" ind1="1" ind2=" ">
         <subfield code="6">710-12/</subfield>
         <subfield code="a">新疆维吾尔自治区 (China) .</subfield>
         <subfield code="b">文物局.</subfield>
      </datafield>
      <datafield tag="994" ind1=" " ind2=" ">
         <subfield code="a">Z0</subfield>
         <subfield code="b">ZYU</subfield>
      </datafield>
      <datafield tag="OWN" ind1=" " ind2=" ">
         <subfield code="a">GENERAL</subfield>
      </datafield>
      <datafield tag="AVA" ind1=" " ind2=" ">
         <subfield code="a">NYU50</subfield>
         <subfield code="b">NISAW</subfield>
         <subfield code="c">Large Collection</subfield>
         <subfield code="d">DS793.S62 X5643 2011</subfield>
         <subfield code="e">available</subfield>
         <subfield code="t">Available</subfield>
         <subfield code="f">28</subfield>
         <subfield code="g">0</subfield>
         <subfield code="h">Y</subfield>
         <subfield code="i">0</subfield>
         <subfield code="j">LARGE</subfield>
         <subfield code="k">0</subfield>
      </datafield>
      <marc:datafield tag="852" ind1=" " ind2=" ">
         <marc:subfield code="b">Institute for the Study of the Ancient World, </marc:subfield>
         <marc:subfield code="c">Large Collection</marc:subfield>
         <marc:subfield code="e">15 East 84th St., </marc:subfield>
         <marc:subfield code="e">New York, NY  10028</marc:subfield>
      </marc:datafield>
   </record>